2366 4040
351 220 391 254 23

351 285 438 318 liano
453 278 579 330 legisset
588 283 802 323 Hieronymus
824 277 1025 312 Mercurialis
1036 279 1185 314 Medicus
1195 282 1282 315 cele-

355 333 433 373 bris,
441 330 508 370 sed,
526 330 615 379 quod
627 328 688 362 (ine
699 327 759 359 ulla
769 326 964 360 contumelia
973 326 1091 362 dietum
1103 330 1211 366 velim,
1225 330 1288 364 ho>-

356 401 412 423 mo
429 376 869 435 sprhoevzam7&‚tanquam
880 382 947 426 ejus
965 382 1188 429 posseffionem
1199 385 1287 419 inva—

353 435 453 473 siss'em
465 464 473 475 ‚
492 435 639 468 dolorem
656 430 744 464 suum
769 443 804 464 ac
814 431 1009 478 zelotypiam
1020 432 1210 467 dissimulare
1219 446 1284 468 non

351 486 476 534 Potuit,
496 480 585 526 quod
602 478 633 513 se
645 507 654 520 ‚
680 481 733 528 qui
751 481 858 514 onmia
876 481 955 515 scire
974 481 1164 527 profitetur,
1184 483 1286 519 homo

351 529 577 580 dridredff&
597 533 758 568 medicum
769 536 849 569 tanti
859 536 1001 570 nominis
1013 537 1187 573 docuissem
1194 539 1285 588 ,quid

350 585 428 621 essct
445 585 530 632 apud
549 583 724 624 Catullum,
751 586 847 617 Solcre
864 586 1069 634 imaginosum:
1094 593 1125 624 &
1140 589 1283 636 quiane-

349 646 427 683 gare
449 646 518 668 non
535 633 650 674 audet,
677 634 764 667 recte
781 633 820 680 id
842 634 858 666 a
886 635 981 668 nobis
1009 636 1280 684 interpretatum,

348 683 452 732 quod,
468 696 510 717 ne
529 694 584 730 per
608 681 766 716 somnium
786 683 917 730 quidem
944 684 992 718 illi
1009 686 1041 720 in
1062 697 1207 721 mentem
1229 699 1284 722 ve-

345 743 456 772 nerat,
475 743 584 767 tamen
594 732 714 779 aliquid
735 732 845 779 quaerit
858 754 868 771 ,
881 746 947 782 quo
966 733 1124 770 inscitiam
1139 736 1282 770 nostram

344 783 502 818 traducat.
523 782 645 830 Qum
665 782 772 814 omnia
791 779 889 821 fecit,
907 784 1038 819 tandem
1060 798 1101 820 eo
1121 786 1208 820 venit
1221 808 1231 824 ,
1250 795 1284 819 ut

346 833 432 868 dicat
443 854 454 872 ,
473 842 653 879 menegare
662 831 744 864 illius
757 830 864 864 morbi
874 833 1110 881 cognitionem,
1121 845 1173 869 aut
1192 847 1284 869 meu-

346 883 473 916 tionem
483 881 567 928 apud
579 890 704 915 veteres
715 880 858 915 medicos
867 893 985 917 extare.
995 885 1075 919 Non
1086 882 1157 918 satis
1168 883 1282 919 fuitilli

345 931 532 978 zelotypum
541 928 574 963 se
585 928 795 977 probare,nisi
806 934 838 965 δε
850 932 1117 968 calumniatorem
1129 934 1282 968 ostende-

342 991 405 1015 ret.
416 980 483 1015 Vbi
493 980 555 1013 hoc
567 991 632 1027 ego
643 991 784 1028 unquam
799 981 876 1025 dixi,
886 982 1020 1017 medicis
1035 984 1119 1017 hunc
1132 983 1283 1018 morbum

344 1032 492 1078 ignotum
515 1027 597 1063 esse?
616 1028 783 1067 ostendat,
799 1030 850 1064 ubi
863 1029 1022 1078 ullahujus
1031 1031 1284 1068 tammanifestae

339 1079 511 1114 ¹calumniae
531 1079 563 1112 in
576 1078 656 1112 meis
666 1076 789 1125 scriptis
806 1091 893 1114 extet
904 1092 957 1115 aut
967 1082 1108 1129 expressa
1117 1093 1214 1125 nota,
1231 1092 1284 1116 aut

342 1129 422 1163 levis
437 1127 577 1175 suspitio.
598 1129 672 1176 Ego
690 1140 841 1176 negarem
859 1130 942 1165 hunc
964 1133 1116 1166 morbum
1147 1132 1282 1167 medicis

340 1179 490 1226 ignotum
506 1175 615 1218 fuisse,
641 1177 695 1225 qui
724 1177 831 1226 scripfi
850 1191 978 1215 veteres
998 1183 1064 1227 ejus
1094 1180 1287 1216 meminisse?

340 1229 421 1262 Haec
436 1225 585 1274 profefto
595 1228 778 1274 pugnantia.
795 1229 827 1262 Si
838 1228 903 1276 ipse
914 1231 1029 1265 Latine
1039 1232 1203 1280 intelligit,
1224 1243 1289 1279 ego

290 1316 297 1323 ,
340 1276 616 1334 κρξυὲοωῖωισμὲ
626 1296 749 1320 nomen
761 1287 792 1320 in
805 1289 861 1323 hac
874 1288 1108 1337 significatione
1122 1291 1206 1338 apud
1216 1302 1286 1324 me-

339 1334 431 1366 dicos
443 1342 568 1366 veteres
577 1344 687 1370 extare
696 1338 823 1383 negavi,
836 1348 931 1387 atque
942 1339 1025 1373 adeo
1036 1353 1122 1389 nego
1132 1368 1141 1380 ‚
1166 1352 1284 1388 perne-

338 1390 439 1437 SOAEt
447 1400 553 1423 tamen
564 1389 665 1424 homo
674 1390 879 1438 Φίλῶλῆῧης
890 1409 986 1443 quum
997 1392 1090 1443 super
1097 1398 1159 1431 hoc
1171 1408 1282 1443 repre-

338 1438 526 1473 hensionem
535 1437 776 1490 suaininstitpit‚
794 1442 903 1477 aitnos
916 1458 1085 1492 perperam
1095 1446 1128 1480 id
1139 1442 1279 1493 negasse,

338 1501 439 1535 quum
448 1487 586 1535 ipsemet
598 1510 607 1525 ,
616 1489 731 1536 inquit,
743 1490 828 1524 libro
842 1504 889 1526 111
901 1494 1079 1527 lestionum
1089 1507 1128 1528 ex
1146 1499 1279 1527 Aretaeo

303 1558 307 1564 ‹
338 1539 423 1572 dicat
442 1536 473 1570 se
495 1536 665 1570 ostendiss‘e
679 1539 882 1583 Corybantas
902 1541 962 1576 esse
971 1544 1056 1577 inter
1067 1542 1277 1590 generainsa-

335 1588 405 1621 niae·
425 1585 492 1620 Vbi
504 1586 643 1631 primum
653 1587 875 1623 calidiffimum
885 1591 931 1625 est
942 1592 1160 1626 mendacium.
1182 1591 1273 1625 Nam

333 1646 440 1683 neque
448 1633 514 1681 ipse
526 1634 588 1667 tale
599 1635 677 1681 quid
685 1636 770 1669 libro
780 1639 877 1673 tertio
888 1640 1031 1688 prodidit
1040 1664 1050 1680 ,
1071 1652 1123 1675 aut
1134 1641 1272 1674 ullorum

335 1684 562 1731 Corybantum
583 1685 782 1718 mentionem
803 1685 902 1728 fecit,
923 1702 1029 1739 neque
1047 1689 1167 1738 uspiam
1188 1689 1273 1737 apud

332 1744 499 1777 Aretaeum
519 1731 798 1786 mpquaZcmfn?
820 1751 942 1772 nomen
960 1749 1066 1777 extat,
1088 1750 1271 1787 quanquam

333 1792 485 1827 morbum
504 1787 665 1822 describit.
687 1786 957 1823 Deindeinscitia
971 1788 1110 1822 maxima
1122 1787 1188 1826 est,
1209 1787 1275 1821 ho-

333 1841 437 1876 mines
447 1833 713 1891 mvaow'Zafiv&
723 1833 920 1891 nopussou&;
932 1844 1034 1880 dietos
1044 1856 1166 1893 putare.
1181 1843 1276 1879 insci-

333 1891 378 1925 tia
389 1919 398 1932 ,
414 1891 558 1941 inquam,
570 1891 754 1930 Graecffini,
765 1891 946 1937 cujusmodi
956 1895 1112 1944 magnain
1123 1894 1276 1929 omnibus

331 1951 399 1995 ejus
415 1948 537 1996 scriptis
555 1958 700 1994 apparet.
719 1950 808 1983 Nam
821 1947 873 1995 qui
894 1949 1010 1984 dicitur
1032 1944 1196 1998 nspv‘ssoc4,
1209 1964 1276 1986 non

332 2002 442 2052 potest
453 2002 517 2036 dici
528 1996 752 2051 κςρυὲοωῗιῶν,
765 2017 862 2054 quum
874 2007 1010 2042 alterum
1022 2008 1205 2043 fitimitatio
1214 2009 1274 2047 rei,

332 2053 469 2087 alterum
479 2064 529 2086 res
539 2053 618 2100 ipsa.
629 2054 660 2087 Si
673 2054 816 2090 dicerem
827 2057 947 2091 Sullam
960 2058 1155 2093 diffitatorem
1168 2068 1277 2106 tyran-

329 2102 444 2137 nidem
471 2113 680 2149 appetentem
699 2102 894 2144 sullaturire‚
921 2108 1009 2155 quod
1031 2109 1165 2143 verbum
1186 2117 1275 2142 extat

328 2152 414 2198 apud
425 2152 642 2191 Ciceronem,
656 2165 730 2198 „non
742 2155 844 2203 magis
859 2156 1056 2191 Criticorum
1068 2158 1182 2192 dentes
1192 2154 1276 2191 effu‘

327 2212 441 2248 gesem
453 2222 463 2238 ,
486 2202 783 2251 quamnunceffugi
794 2205 913 2238 medici
931 2206 1060 2240 latratus
1081 2217 1217 2254 propter
1235 2205 1276 2238 si-

331 2247 752 2298 gnificationemimaginofi
765 2252 781 2285 a
793 2265 844 2288 me
865 2255 1004 2300 primum
1025 2255 1275 2302 proditam-Vi-

329 2300 388 2332 des
413 2298 609 2332 vanitatem:
630 2300 720 2333 vides
738 2300 906 2336 inscitiam.
924 2305 1059 2339 Deinde
1088 2303 1270 2350 cujusmodi

325 2346 411 2385 sunt,
426 2359 494 2394 quae
504 2346 684 2380 deblaterat
694 2348 733 2382 de
742 2361 783 2396 ge
791 2362 867 2384 nere
877 2353 995 2391 morbi,
1006 2354 1091 2401 quafi
1104 2355 1211 2388 nostra
1219 2355 1271 2387 in-

326 2394 457 2431 teresset
475 2407 590 2429 omnes
604 2396 727 2431 insania:
746 2396 867 2444 species
886 2398 1031 2438 adferre,
1055 2414 1154 2449 quum
1169 2403 1267 2435 illain

327 2446 495 2481 Catullum
514 2456 823 2480 commentaremur.
854 2449 986 2496 Qanti
1006 2462 1086 2484 veto
1111 2449 1157 2484 est
1168 2451 1267 2487 illud,

328 2495 417 2543 quod
436 2494 565 2537 adjicit:
582 2497 702 2529 Fallitur
713 2498 849 2541 Scaliger,
862 2500 909 2542 qui
920 2499 1270 2546 Coqbantiafinumputat

327 2554 377 2600 effe
386 2544 560 2599 οἶκυπνον
572 2549 687 2596 κῶμοι.
702 2554 732 2584 V
738 2552 844 2587 binam
856 2566 921 2602 ego
931 2555 1017 2589 istius
1027 2550 1195 2602 οἰκόπνὲ
1204 2548 1271 2587 κῶ-

328 2619 436 2656 μωπς
454 2605 654 2639 mentionem
670 2604 757 2641 feci?
779 2610 851 2657 Ego
871 2610 935 2644 dixi
955 2612 1139 2659 patentibus
1161 2610 1264 2645 oculis

330 2662 473 2698 dormire
484 2688 493 2700 ,
511 2653 724 2707 aepvsswsstql‘v
737 2664 753 2697 ἐι
763 2662 888 2699 Graecis
899 2665 961 2700 dici
976 2689 984 2705 ,
1001 2667 1100 2715 idque
1111 2680 1152 2701 eo
1163 2667 1260 2713 pertia

324 2724 415 2750 nere,
427 2709 516 2759 quod
526 2709 722 2755 phreneticis
733 2713 840 2748 multis
850 2714 882 2748 id
893 2716 1067 2765 contingat
1079 2730 1087 2750 ε
1098 2716 1267 2764 phreneti-

323 2769 353 2802 ci
365 2779 472 2802 autem
483 2768 612 2815 quidam
623 2779 673 2802 aut
683 2769 750 2803 sunt
760 2763 1025 2816 nopquZta‘fmg
1034 2797 1043 2810 ,
1062 2782 1114 2805 aut
1125 2771 1265 2818 proximi

323 2818 398 2852 illis.
412 2818 516 2851 Tarni
526 2828 593 2851 erat
603 2819 774 2865 zelotypia,
793 2828 826 2852 ut
836 2818 957 2854 damno
966 2821 1210 2855 existimationis
1219 2820 1266 2853 illi

323 2866 499 2901 constaret.
520 2869 635 2914 Itaque
651 2878 756 2902 totum
782 2868 861 2902 illud
887 2881 982 2916 caput
1002 2870 1050 2905 est
1069 2870 1265 2917 praeconium

324 2916 492 2962 zelotypiae
510 2916 705 2963 Hieronymi
732 2917 954 2957 Mercurialis,
978 2933 1044 2967 quo
1059 2920 1164 2966 capite
1183 2919 1262 2953 nihil

323 2965 453 3003 vanius,
474 2965 553 2998 nihil
573 2966 797 3000 calumniosius
817 2968 996 3015 excogitari
1013 2968 1133 3015 potest.
1143 2971 1261 3017 AEquos

323 3015 462 3049 leftores
471 3014 594 3058 judices
605 3012 677 3049 fero
686 3017 817 3064 .Neque
827 3016 966 3064 id‚quod
977 3018 1008 3051 in
1018 3017 1164 3066 sequenti
1173 3018 1261 3064 capi-

321 3074 355 3098 te
367 3063 502 3101 vomuit,
512 3063 552 3096 ab
567 3064 706 3111 aequiore
716 3066 895 3103 animo‚aut
905 3067 1042 3107 meliore
1047 3068 1171 3112 judicio
1182 3080 1260 3114 pro-

320 3112 454 3150 fectum,
480 3113 580 3153 Audi,
598 3114 756 3152 le&0r‚&
776 3125 889 3164 togam
907 3129 1080 3163 compone.
1094 3119 1260 3152 Nonmimts

321 3164 410 3197 etiam
419 3159 438 3195 ιὶ
448 3173 512 3196 rero
514 3161 591 3209 scopo
599 3163 740 3197 aberravit
750 3186 759 3202 ,
770 3176 855 3208 quum
864 3167 939 3210 apud
950 3168 1085 3201 ovidium
1094 3178 1198 3211 aquam
1211 3167 1236 3213 fi
1250 3187 1263 3192 -

321 3223 398 3244 mere
408 3239 416 3250 ,
433 3211 480 3255 effe
489 3213 599 3246 urinam
607 3221 704 3256 capere
713 3236 722 3251 ‚
743 3215 778 3250 εἴ]
787 3214 874 3259 nescio
884 3226 939 3258 qua
951 3217 1009 3249 alm
1018 3217 1124 3255 docens,
1143 3217 1220 3263 quasi
1228 3217 1262 3249 de

322 3271 390 3292 novo
399 3261 516 3303 quonlam
526 3262 637 3295 irwemo
656 3273 821 3307 magnopere
826 3265 976 3309 gloriatur.
989 3266 1089 3299 Mene
1104 3265 1258 3314 gloriari?

320 3309 401 3341 Haec
430 3308 577 3358 profecto
606 3311 651 3344 vis
672 3312 730 3345 est.
750 3313 867 3359 Egone
886 3325 925 3347 ex
942 3314 1107 3362 Scaligero
1126 3316 1259 3360 Mercu-

320 3356 406 3389 rialis
422 3357 522 3389 sanstus
541 3357 630 3392 sum?
648 3361 726 3394 Non
748 3362 794 3396 est
805 3365 948 3398 nostrum
959 3364 999 3398 dc
1009 3365 1102 3411 nugis
1111 3364 1256 3412 gloriari.

314 3414 396 3448 >Hoc
413 3413 621 3461 relinquimus
639 3417 822 3452 hominibus
840 3419 999 3459 futilibus,
1024 3421 1124 3458 vanis,
1145 3419 1255 3467 &42¹-

319 3461 470 3507 λαύῖσις,
490 3470 543 3516 qui
563 3469 740 3507 trivialibus
759 3473 838 3508 escis
858 3477 1007 3513 convivia
1016 3476 1067 3512 sua
1076 3477 1248 3517 instruunt,

320 3522 491 3560 'Variarum
512 3524 686 3560 iefftiomnn
698 3521 1097 3582 πινὸαψοληροῤῥεὶφοις.
1106 3534 1138 3567 Si
1150 3534 1249 3568 ullum

315 3571 490 3619 vestigium
500 3574 701 3621 gloriationis
713 3588 798 3611 extat
807 3580 838 3612 in
846 3581 970 3630 iiffiquae
981 3584 1022 3617 de
1030 3594 1113 3631 aqua
1121 3578 1248 3617 sumem

316 3625 358 3659 da
367 3620 575 3668 consci·ipli‚si
585 3636 648 3671 ego
661 3626 725 3658 ullo
735 3628 867 3662 verbulo
879 3632 1130 3676 explicationem
1141 3636 1246 3666 meam

320 3671 480 3710 venditavi
489 3694 500 3712 ‚
519 3673 653 3708 caulium
664 3686 729 3709 non
741 3675 825 3717 dico,
839 3680 915 3725 quin
925 3680 1038 3723 homo,
1051 3681 1178 3728 qualem
1187 3680 1246 3716 iste

947 217 1238 262 JOSEPHI
1283 222 1727 257 SCALIGFRI‘

1341 298 1393 321 me
1403 287 1593 321 concinnare
1605 287 1681 329 vult,
1694 287 1893 329 futiliffimus,
1904 289 2140 339 nugacissimus,
2152 296 2183 328 &
2203 289 2275 327 nui-

1341 336 1364 368 li
1376 336 1468 383 pretii
1485 335 1552 370 iim.
1583 339 1699 385 Itaque
1713 339 1779 383 jam
1796 338 1936 373 obtunso
1953 353 2009 375 ore
2025 352 2116 391 terga
2127 342 2214 378 dedit
2223 354 2276 377 ca-

1341 385 1469 421 lumnia.
1486 387 1540 419 Ad
1550 386 1853 433 interpretationem
1866 389 2040 424 veniamus.
2060 395 2201 427 Primum
2211 405 2270 425 nos

1341 435 1550 483 doccat‚quid
1561 434 1596 469 sit
1606 438 1717 470 urinam
1725 446 1827 481 capere.
1839 438 1926 472 Nam
1938 439 1999 472 hoc
2010 451 2075 473 non
2084 442 2129 476 est
2140 443 2269 481 Latii-11⁷1,

1339 485 1395 519 nisi
1415 485 1454 519 de
1475 484 1683 531 myrotheciis
1703 486 2273 534 Mercurialis.-scaligerignoravnmea

1338 536 1450 569 retrices
1465 534 1631 581 postinitam
1653 542 1783 570 Venerem
1793 538 1890 570 loculos
1899 548 1973 582 aqua
1981 540 2107 572 colluere.
2128 541 2225 588 Qid
2234 539 2271 573 {it
2322 578 2325 581 Ι

1337 586 1408 618 inire
1425 592 1573 622 Venerem,
1589 582 1655 631 ipse
1676 597 1729 618 me
1740 585 1870 619 docebit
1882 608 1892 624 ‚
1911 599 2009 634 quum
2019 587 2058 621 ad
2069 587 2133 622 haec
2142 588 2273 636 respon-

1339 633 1439 668 debit.
1449 634 1572 668 loculos
1582 644 1688 668 autem
1700 635 1841 669 colluere
1859 647 1901 668 an
1912 635 2029 682 poffint
2040 661 2049 678 ‚
2060 636 2126 684 ipse
2138 638 2269 676 viderit,
2314 675 2316 678 y

1341 685 1396 730 qui
1413 684 1557 718 medicus
1567 682 1613 716 est
1623 694 1632 725 ς
1643 683 1795 732 liquidem
1805 683 1863 719 scit
1875 684 2068 732 distinguere
2081 685 2269 721 vestibulum

1340 735 1380 768 ab
1397 732 1602 767 interioribus
1622 733 1749 768 aedium.
1770 734 1926 782 Denique
1943 736 2010 770 vult
2026 748 2087 770 nos
2105 733 2271 783 ignorasse,

1341 795 1408 831 quae
1433 793 1508 815 ante
1527 782 1586 815 hos
1603 783 1812 831 quadraginta
1822 784 1962 832 quinque
1972 797 2072 819 annos
2084 782 2270 819 adolescen-

1339 842 1388 866 tes
1399 831 1568 865 didicimus
1579 843 1617 865 ex
1630 834 1729 867 Paulo
1738 834 1936 875 Mannum&
1950 848 2017 883 quae
2030 847 2088 868 nos
2098 846 2166 867 non
2176 834 2271 881 igno-

1339 879 1415 915 rasse
1434 879 1538 913 statim
1556 880 1587 913 in
1597 879 1752 915 fineillius
1763 884 1982 918 annotationis
1997 885 2151 922 diximus,
2171 895 2268 931 quum

1340 930 1417 965 illud
1437 928 1640 964 ovidianum
1657 931 1759 971 aliter,
1779 944 1814 966 ac
1825 934 1940 967 Paulus
1950 934 2114 968 Manutius
2125 932 2263 979 accepit,

1339 981 1635 1027 interpretaremur:

1495 1044 1618 1078 Dedecus
1625 1044 1671 1076 hoc
1673 1042 1786 1088 sumpta
1795 1045 1977 1087 dissimulavit
1984 1057 2070 1090 aqua.

1338 1111 1452 1157 Itaque
1462 1109 1494 1142 in
1505 1108 1641 1142 eandem
1652 1106 1843 1141 sententiam
1853 1108 1893 1142 ab
1904 1109 2020 1142 codem
2033 1104 2132 1145 Poc'ta
2145 1110 2266 1144 distinxi
2315 1127 2317 1130 ⁴

1338 1159 1566 1205 interpretatur
1576 1157 1670 1191 illud:

1386 1222 1497 1254 Scilicet
1506 1218 1618 1265 obstabit
1626 1220 1726 1258 custos,
1739 1219 1987 1266 nescribnepossis,

1461 1269 1602 1304 sumenda
1609 1269 1691 1302 detur
1699 1279 1783 1312 quum
1793 1269 1842 1302 tabi
1851 1280 1958 1315 tempus
1965 1281 2053 1314 aqua.

1338 1345 1493 1394 Atquiest
1503 1346 1614 1380 ironia.
1628 1345 1735 1393 Qafi
1747 1358 1834 1387 vero,
1848 1343 1962 1395 inquit,
1976 1360 2041 1382 non
2052 1348 2150 1396 possis
2159 1347 2269 1383 fallere

1338 1396 1556 1434 custodem‚&
1567 1406 1721 1441 praetextu
1732 1395 1839 1430 veficae
1848 1397 1989 1431 levandae
1998 1398 2043 1431 ire
2053 1399 2091 1432 ad
2102 1397 2264 1437 secessum,

1336 1456 1368 1478 ut
1378 1446 1459 1478 intra
1469 1445 1532 1477 hoc
1543 1455 1668 1490 tempus
1680 1444 1863 1492 epistolium
1872 1445 2000 1485 scribas,
2013 1447 2053 1481 de
2063 1448 2269 1482 condicendo

1334 1504 1494 1540 tempore.
1510 1495 1584 1529 Oro
1594 1504 1638 1531 te,
1651 1490 1852 1540 Hieronyme
1864 1497 2083 1536 Mercurialis,
2112 1509 2207 1545 quem
2218 1498 2271 1531 lo-
2313 1504 2315 1506 “

1333 1556 1405 1577 cum
1418 1543 1571 1577 habethic
1583 1543 1739 1581 lotioilla,
1755 1543 1825 1590 post
1836 1545 1955 1583 initam,
1974 1556 2007 1579 ut
2016 1558 2049 1581 ru
2060 1547 2270 1594 noveloque-

1331 1593 1391 1633 ris,
1404 1597 1556 1627 venerem?
1570 1594 1656 1626 Nam
1667 1594 2063 1635 nondunrconvenerunt‚
2083 1608 2180 1645 quum
2191 1608 2270 1643 pro-

1329 1655 1384 1676 cus
1395 1642 1431 1675 fit
1440 1643 1529 1676 domi
1538 1641 1612 1681 suae,
1622 1643 1675 1676 illa
1685 1640 1702 1675 ὲ
1712 1642 1845 1676 custode
1856 1645 2054 1687 autjanitore
2064 1647 2148 1680 intus
2159 1644 2270 1680 obser-

1328 1703 1421 1726 vetur
1438 1692 1471 1725 in
1480 1691 1600 1725 aedibus
1616 1689 1690 1728 suis.
1709 1692 1768 1725 Illa
1781 1704 1822 1726 ne
1831 1691 1971 1728 sumeret
1980 1708 2094 1744 aquam
2105 1696 2144 1729 ad
2156 1696 2270 1730 eluen-

1330 1741 1402 1780 dos,
1414 1752 1446 1775 ur
1457 1752 1490 1774 tu
1500 1742 1656 1788 loqueris,
1667 1741 1740 1774 illos
1751 1742 1891 1781 loculos,
1905 1742 1921 1776 a
1934 1745 2048 1791 quibus
2058 1745 2114 1779 ille
2133 1745 2269 1785 amasio-

1331 1791 1378 1824 lus
1394 1801 1461 1824 tam
1480 1801 1626 1825 remotus
1638 1789 1696 1832 est,
1707 1791 1818 1824 cuiilla
1828 1804 1886 1839 per
1895 1794 2065 1840 epistolam
2077 1795 2201 1830 veneris
2217 1795 2268 1828 in-

1333 1840 1444 1874 eundae
1467 1839 1626 1883 (libenter
1657 1851 1730 1874 utor
1754 1851 1811 1874 tuo
1828 1841 1940 1888 lepido
1956 1844 2112 1893 loquendi
2131 1848 2265 1892 genere)

1332 1900 1461 1936 tempus
1472 1889 1647 1924 condicere
1665 1889 1780 1924 debet?
1794 1894 1883 1925 Ante
1894 1892 2028 1933 coitum,
2038 1904 2113 1928 ante
2124 1894 2266 1941 denique

1332 1952 1430 1988 quam
1439 1939 1492 1973 illa
1502 1940 1532 1974 ei
1542 1939 1745 1978 condicat‚ea
1755 1940 1883 1975 lotione
1893 1945 2012 1976 utetur?
2023 1944 2180 1992 Denique
2188 1946 2265 1977 Sca-

1331 1991 1414 2038 liger
1422 1990 1581 2036 peccavit‚
1601 1989 1689 2037 quod
1698 2001 1764 2023 non
1775 2000 1880 2024 utatur
1888 1991 1992 2026 lotura
2002 2003 2078 2027 ante
2086 1994 2198 2027 initam
2209 2004 2268 2027 vei·

1331 2051 1444 2085 nerem
1456 2061 1466 2079 ‚
1487 2052 1555 2087 quae
1574 2050 1682 2073 tamen
1699 2051 1766 2073 non
1785 2040 1955 2075 adhibetur
1973 2041 2030 2075 nifi
2041 2043 2114 2090 post
2128 2044 2263 2076 coitum.
2303 2085 2306 2089 A

1333 2089 1434 2136 Qid
1463 2089 1605 2136 pluribus
1633 2091 1728 2134 opus?
1747 2090 1918 2123 Petronius
1932 2101 2027 2136 petere
2047 2103 2152 2136 aquam
2170 2092 2263 2129 dixit,

1331 2151 1392 2185 pro
1403 2150 1444 2172 eo
1455 2139 1544 2186 quod
1552 2137 1599 2171 est
1610 2137 1745 2172 vesicam
1757 2151 1944 2174 exonerare.
1963 2142 2006 2174 Et
2016 2151 2124 2175 tamen
2133 2142 2165 2174 in
2177 2142 2266 2175 Ovi-

1330 2187 1387 2221 dio
1396 2187 1458 2221 hoc
1471 2199 1581 2222 verum
1592 2199 1656 2220 non
1668 2186 1732 2225 est,
1755 2189 1829 2236 quia
1847 2189 1900 2222 ubi
1911 2190 2050 2236 primum
2064 2190 2268 2235 Mercurialis

1329 2237 1347 2270 a
1357 2236 1458 2271 Paulo
1480 2236 1632 2270 Manutio
1649 2240 1681 2271 ὃ(
1701 2237 1770 2271 aliis
1782 2238 1923 2272 monitus
1933 2238 1993 2277 fuit
2004 2241 2088 2279 illius
2099 2240 2212 2278 moris,
2221 2240 2264 2282 ad

1330 2286 1419 2320 hunc
1439 2298 1566 2320 morem
1590 2286 1696 2332 potius
1716 2287 1799 2321 illius
1819 2287 1944 2322 distichi
1965 2300 2109 2324 mentem
2128 2289 2263 2324 obtorto
2290 2317 2292 2322 ,
2315 2312 2327 2316 «

1328 2335 1439 2374 collo,
1459 2336 1558 2370 invita
1578 2336 1729 2381 Minerva
1748 2339 1951 2383 pertraxerit.
1974 2340 2077 2387 Qot
2087 2331 2265 2385 suntinillis

1324 2385 1436 2427 Variis
1455 2385 1666 2421 Leetionibus
1681 2386 1802 2425 futilia,
1819 2387 1915 2433 levia,
1931 2388 1998 2422 imo
2008 2390 2073 2423 istis
2085 2385 2219 2423 leviora?
2227 2391 2265 2422 ut

1325 2441 1415 2486 quod
1426 2434 1500 2473 πὲἓ
1511 2432 1612 2477 ποΣὶς
1625 2439 1650 2476 ‘7²'
1661 2438 1805 2487 κηρύκων
1815 2444 1905 2479 dixit.
1939 2448 2031 2493 Qae
2050 2446 2173 2484 deliria,
2191 2444 2260 2494 qussae

1325 2489 1447 2523 somnia
1458 2489 1606 2535 protulit?
1627 2491 1683 2524 De
1696 2492 1761 2525 vite
1779 2494 1940 2528 Theriaca
1950 2506 2064 2530 contra
2079 2497 2262 2530 Muretum?

1326 2538 1490 2572 Theriaca
1507 2537 1553 2571 est
1572 2548 1674 2585 genus
1685 2540 1773 2583 vitis3
1790 2554 1869 2590 ergo
1879 2543 2076 2578 Theriacam
2088 2544 2201 2578 bibere
2212 2556 2265 2577 re-

1326 2587 1379 2622 &e
1388 2587 1791 2637 dicitur2&Lat'1ne,Apud
1805 2592 2026 2628 Columellam
2036 2594 2178 2627 Biturica
2189 2593 2264 2628 vitis

1322 2636 1380 2672 est.
1394 2637 1567 2671 Bituricam
1579 2636 1690 2672 bibere
1699 2639 1776 2673 ideo
1787 2640 1916 2675 dicetur*
1921 2654 1981 2688 pro
1992 2643 2068 2678 vino
2079 2643 2261 2691 Biturigum

1322 2685 1544 2721 Vibiscorum?
1566 2689 1836 2724 Utconcedamus
1853 2703 1965 2726 verum
1974 2690 2078 2727 effe&
2092 2693 2258 2729 Latinum,

1304 2778 1306 2780 η
1322 2736 1400 2784 quid
1422 2735 1483 2769 hoc
1493 2736 1532 2769 ad
1545 2747 1689 2771 mentem
1702 2740 1858 2784 Varronis
1867 2741 1951 2787 apud
1963 2742 2123 2780 Nonium,
2145 2742 2177 2775 in
2189 2741 2262 2790 qni-
2356 2781 2358 2790 ‚

1321 2787 1379 2820 bus
1402 2785 1469 2819 haec
1480 2783 1658 2820 somniabat
1670 2787 1847 2827 Vfflorius,
1862 2789 1917 2824 sed
1930 2802 1995 2824 non
2005 2791 2036 2824 in
2047 2791 2172 2837 bicipiti
2186 2796 2263 2826 Par·
2306 2836 2307 2839 Ἴ

1322 2833 1425 2869 nasso?
1446 2835 1593 2882 Longius
1614 2835 1768 2884 digressus
1782 2837 1862 2878 sum,
1876 2839 2036 2874 benevole
2054 2841 2166 2881 lecim,
2185 2841 2260 2874 dum

1323 2884 1463 2918 hominis
1487 2885 1526 2918 ad
1544 2887 1846 2931 reprehendendum
1871 2902 1939 2923 non
1963 2889 2035 2923 satis
2055 2888 2151 2923 sobrii
2176 2890 2261 2929 calu-

1321 2931 1440 2968 mniam
1454 2935 1470 2967 5.
1482 2933 1578 2967 nobis
1588 2935 1771 2971 amolimur.
1795 2939 1850 2972 Tu
1861 2949 2075 2987 patereaequo
2084 2940 2260 2973 animonos

1317 2983 1559 3019 haecmomenta
1575 2983 1633 3017 tibi
1652 2988 1684 3019 δε
1701 2984 1842 3021 Eusebio
1863 2987 1974 3023 nostro
1985 2988 2141 3022 suffurari.
2172 2991 2260 3024 Nam

1316 3046 1385 3081 quae
1395 3033 1497 3067 hom‘o
1506 3033 1538 3066 in
1547 3031 1603 3067 suo
1613 3035 1819 3082 Agonistico,
1837 3037 1980 3072 &inillis
1990 3038 2198 3072 Lectionibus
2207 3047 2258 3071 aut

1315 3095 1485 3130 perperam
1504 3083 1584 3116 alios
1602 3085 1893 3130 reprehendendo,
1913 3098 1965 3121 aut
1986 3099 2131 3122 veterum
2158 3089 2250 3122 locos

1317 3131 1511 3178 explicando
1521 3133 1662 3179 prudens
1672 3134 1858 3182 imprudens
1870 3135 1996 3176 effudit,
2003 3136 2092 3171 suum
2112 3148 2251 3183 tempus,

1316 3181 1403 3217 suum
1414 3182 1543 3221 locum,
1565 3185 1598 3216 ὃ(
1609 3184 1712 3217 otium
1724 3184 1898 3231 postulant.

1359 3251 1444 3285 Ibid-
1470 3258 1589 3285 Curetes
1599 3253 1633 3289 ἄν
1646 3251 1830 3303 Corybantes]
1844 3258 1881 3289 In
1892 3256 2016 3291 Graecis
2028 3272 2036 3292 ς
2050 3255 2089 3291 οἱ
2100 3247 2174 3290 xm*
2186 3249 2213 3288 ’ᾗ
2225 3258 2249 3277 “

1315 3298 1511 3353 sznreioeq,
1534 3307 1593 3341 νωῢ
1608 3307 1812 3356 mmmm
1833 3306 1975 3360 Κέρητες
1997 3303 2248 3363 ιῂ-Κορύειω-(ί

1314 3373 1378 3399 τες.
1419 3364 1530 3411 Qod
1548 3366 1904 3412 quarevpraetermiserio
1929 3371 1978 3405 vel
1990 3370 2093 3419 potius
2103 3370 2213 3417 negiea
2226 3378 2248 3395 ‘⁶

1307 3412 1403 3452 sterit,
1416 3415 1649 3460 Hieronymus,
1658 3414 1782 3461 causam-
1791 3416 1990 3452 comminisci
1999 3431 2061 3452 non
2074 3417 2207 3464 possum.
2224 3426 2245 3444 ’ἰ

1312 3462 1415 3495 Certe
1431 3465 1650 3505 praetereunda
1659 3468 1725 3499 non
1735 3478 1837 3501 erant.
1863 3468 1912 3501 Ex
1922 3468 2079 3501 Strabone
2090 3466 2210 3502 discere
2220 3472 2245 3493 ‘⁶

1307 3519 1464 3562 poterisC
1471 3522 1646 3569 uretaS‚q11i
1655 3529 1704 3559 tra
1710 3526 1906 3560 sAcheloum
1916 3523 2244 3570 liabitabfit,Amup-“

1304 3567 1402 3619 νῖὀνᾳις
1413 3572 1517 3607 εῙὶθίοε
1525 3573 1712 3614 fuisse-Ideo
1720 3593 1785 3616 non
1796 3577 1910 3615 mirum
1921 3578 2135 3613 Acarnaniam
2147 3580 2213 3613 Cu·
2221 3587 2244 3606 ⁴2

1303 3622 1417 3657 retiam
1428 3622 1511 3657 dieta
1524 3625 1607 3672 prius
1615 3625 1715 3664 fuiss‘ez
1735 3632 1840 3664 Locus
1850 3628 2013 3663 Strabonis
2023 3633 2111 3662 'extat
2123 3628 2206 3662 libro
2217 3637 2242 3655 τε

1301 3679 1503 3723 &Pausanias
1516 3695 1645 3731 quoque
1656 3677 1892 3733 Kvpv‘51'322quff
1901 3683 2013 3732 postea
2022 3683 2241 3773 Αεειὲιὲιιιίαἶ(

1705 3738 1709 3741 ·
2109 3733 2118 3771 i
2140 3744 2202 3769 rani
2214 3737 2225 3755 ί
2232 3739 2238 3753 ⁶
