2912 4368
743 1061 877 1097 Omisit.

743 1107 833 1127 GCCV.

742 2665 780 2703 ii.
798 2681 919 2703 cccctx.

741 2997 810 3035 Oti
821 3004 877 3028 MP.

940 340 988 377 24

939 411 956 436 1
965 400 988 434 6
1026 392 1246 434 Gaise-ricus
1257 390 1427 432 Siciliam
1438 389 1681 442 depraedatus
1691 385 1836 425 Panor-

937 463 1043 492 mum
1065 451 1134 489 diu
1158 448 1311 488 obsedit
1330 461 1337 486 ε
1380 445 1451 499 qui
1469 444 1642 485 damnati
1660 442 1681 480 a
1701 441 1840 481 carbo·-

937 507 1022 547 licis
1042 504 1238 558 episcopis
1264 500 1474 542 Maximini
1495 528 1507 546 ,
1524 497 1642 556 'apud'
1669 494 1840 537 Siciliam

937 561 1192 603 Atrianorum
1212 559 1324 598 ducis
1344 585 1356 603 ,
1393 555 1595 595 adversum
1625 551 1844 593 catholicos

937 617 1202 671 praecipitatur
1240 611 1420 652 instinetu
1441 636 1454 654 ,
1500 617 1547 646 ut
1575 620 1645 646 eos
1671 620 1842 661 quoquo

967 672 1055 712 asto
1092 672 1131 710 in
1162 672 1213 709 im
1247 669 1397 706 {etatem
1432 675 1593 715 cogeret
1626 663 1842 703 Ari-ianam.

937 726 1160 767 Nonnullis
1169 718 1454 761 declinantibus
1466 746 1476 765 ,
1497 719 1687 772 aliquanti
1697 718 1842 758 duran..

936 784 1040 823 tesin
1052 778 1245 820 catholica
1264 773 1343 813 fide
1357 773 1677 814 consummavere
1699 774 1842 828 marty-

934 840 1045 878 rium.
1287 851 1290 854 ⁴

990 888 1201 930 Censorius
1229 885 1402 931 Comes,
1434 884 1505 938 qui
1529 883 1683 937 legatus
1713 882 1842 925 missus

934 946 1059 985 fuerat
1077 944 1128 984 acl
1139 943 1290 983 Suevos
1302 968 1314 987 ‚
1333 941 1500 981 residens
1515 939 1695 994 Mirtyli‚
1714 938 1842 980 obses-

932 1000 993 1041 sus
1003 1001 1023 1041 a
1035 997 1205 1040 Rechila
1217 999 1255 1038 in
1269 1011 1366 1052 pace
1377 996 1412 1036 se
1424 995 1600 1036 tradidit.

936 1068 999 1110 17.
1031 1057 1122 1096 Rex
1132 1054 1348 1095 Suevorum
1366 1053 1557 1092 diuturno
1573 1064 1642 1104 per
1652 1050 1839 1091 annosse-

933 1125 1040 1166 ptem
1052 1110 1192 1151 morbo
1203 1110 1384 1150 adflictus
1396 1109 1558 1147 moritur
1572 1107 1614 1146 H
1618 1108 1836 1147 ermericus.

988 1167 1077 1208 Rex
1090 1165 1255 1206 Rechila
1268 1164 1422 1217 Hispali
1433 1163 1594 1203 obtenta
1606 1192 1618 1208 ,
1629 1162 1811 1202 Baeticam
1824 1190 1840 1210 ,

935 1227 974 1263 δε
990 1220 1350 1274 Carthaginiensem
1363 1219 1635 1273 provinciasin
1657 1217 1760 1258 suam
1776 1232 1836 1258 re-

934 1280 1036 1332 digit
1050 1278 1295 1332 potestatem.

1022 1334 1213 1374 Romanae
1231 1330 1402 1373 ecclefiae
1416 1345 1537 1371 xmu.
1560 1329 1736 1385 praelidet
1748 1329 1833 1383 epi-

934 1386 1077 1444 scopus
1087 1386 1212 1443 Leo]
1830 1417 1832 1419 ,

990 1445 1140 1486 Sabino
1149 1442 1340 1498 episcopo
1358 1442 1412 1482 de
1424 1441 1575 1494 Hispali
1587 1441 1757 1490 faustinae
1766 1441 1834 1482 de-

933 1501 1046 1555 pulso
1057 1529 1069 1549 ,
1087 1502 1126 1540 in
1141 1501 1274 1540 locum
1288 1498 1369 1550 ejus
1381 1496 1620 1552 Epiphanius
1630 1498 1835 1537 ordinatur

931 1557 1015 1598 frau
1022 1557 1072 1596 de
1083 1585 1094 1604 ,
1105 1570 1184 1595 non
1194 1562 1293 1607 jure.

985 1611 1261 1653 AsturiusDux
1272 1609 1474 1663 utriusque
1485 1607 1631 1648 militiae
1640 1606 1834 1660 adHispa·
1861 1649 1865 1652 ,

933 1670 1014 1708 nias
1026 1667 1105 1707 miss
1112 1679 1152 1706 us
1163 1664 1518 1707 Tarraconensium
1529 1665 1647 1704 caedit
1658 1664 1835 1704 multitu·

933 1724 1067 1763 dinem
1081 1721 1359 1769 Bacaudarum.

936 1779 985 1818 18
1026 1778 1206 1818 Cometae
1225 1777 1327 1817 sidus
1343 1774 1529 1829 apparere
1545 1775 1685 1828 incipit
1707 1773 1836 1813 mense

933 1832 1274 1887 Decembriequod
1289 1845 1359 1885 per
1374 1830 1521 1870 menses
1534 1831 1688 1883 aliquot
1700 1830 1838 1876 visum,

932 1888 1200 1943 subsequentis
1212 1891 1250 1926 in
1263 1887 1483 1938 pestilentia
1495 1886 1637 1937 plagae,
1659 1899 1746 1937 quae
1755 1883 1838 1923 fere

934 1946 973 1984 in
990 1956 1080 1984 toto
1092 1943 1186 1982 orbe
1201 1942 1338 1982 diffusa
1349 1941 1406 1980 est
1416 1939 1616 1993 ,praemisit
1627 1939 1782 1980 ostentu
1789 1950 1837 1977 mi

986 1998 1441 2050 Constantinopolitanae
1475 1994 1645 2042 ecelesia:
1670 1993 1839 2047 depulso

930 2053 976 2094 N
982 2055 1127 2095 estorio
1141 2051 1313 2106 praefidet
1324 2050 1533 2105 episcopus
1541 2050 1762 2091 Flavianum

934 2124 981 2162 19
1012 2108 1171 2149 Asturio
1184 2107 1592 2163 Magistro‘utri'usque
1609 2106 1838 2158 militiaevge-

931 2164 1129 2219 neripsius
1150 2164 1342 2205 succeffor
1364 2161 1434 2215 ipfi
1448 2163 1614 2203 mittitur
1626 2161 1839 2202 Merobau-

932 2220 993 2261 dis
1003 2249 1015 2267 ,
1027 2219 1277 2261 natu‘nobilis
1288 2248 1300 2267 ,
1310 2222 1349 2259 &
1363 2218 1602 2272 eloquentiae
1613 2217 1838 2264 merito,vel

932 2276 1102 2316 maxime
1112 2276 1151 2315 in
1166 2276 1359 2328 poematis
1379 2273 1511 2313 studio
1521 2271 1718 2313 veteribus
1727 2284 1838 2311 com-

931 2331 1130 2384 parandus
1140 2360 1152 2378 ,
1160 2330 1387 2371 testimonio
1399 2330 1515 2368 etiam
1526 2328 1755 2382 provehitur
1763 2329 1837 2368 sta-

933 2397 1093 2427 tuarum.
1109 2386 1223 2426 Brevi
1235 2397 1411 2438 tempore
1429 2384 1633 2437 potestatis
1649 2383 1725 2424 suae
1743 2385 1836 2423 Ara·

931 2440 1209 2481 cellitanorum
1226 2439 1625 2493 frangitinsolentiam
1642 2439 1838 2480 Bacauda-

932 2509 1028 2537 rum.
1051 2497 1158 2537 Mox
1170 2496 1454 2536 nonnullorum
1471 2497 1620 2536 invidia
1633 2508 1838 2549 perurgen-

932 2562 987 2599 te,
998 2553 1050 2592 ad
1062 2553 1193 2592 urbem
1205 2551 1377 2592 Romam
1395 2549 1495 2591 sacra
1506 2552 1773 2606 praeceptione
1782 2564 1836 2590 re-

934 2619 1111 2654 vocatur.

937 2677 989 2702 20
1020 2662 1378 2711 Sebastianusillic‚
1397 2663 1480 2717 quo
1499 2660 1753 2716 confugerat,
1770 2662 1838 2701 de-

935 2718 1148 2773 prehensus
1160 2717 1225 2758 fibi
1238 2718 1394 2759 adversa
1406 2719 1534 2759 moliri
1547 2748 1558 2766 ,
1577 2720 1598 2758 ὲ
1607 2718 1838 2758 Constanti-

935 2775 1078 2828 nopoli
1089 2773 1192 2827 fugit
1202 2773 1426 2814 admonitus
1438 2803 1451 2822 ,
1465 2777 1502 2814 &
1513 2775 1564 2814 ad
1576 2773 1837 2813 Theodorem

934 2829 1264 2883 regemGothoru
1271 2845 1306 2871 m
1318 2831 1479 2872 veniens
1489 2859 1501 2877 ‚
1511 2829 1787 2883 conquaefitam
1797 2829 1838 2870 sl-

935 2887 1066 2939 bi‘qua
1079 2887 1233 2940 potuit,
1257 2887 1514 2927 Barcinonam
1527 2885 1648 2926 hostis
1666 2887 1837 2941 ingredi.

935 2954 1010 2984 tur.
1117 2956 1120 2957 ’

941 3012 960 3037 2
970 3013 984 3037 1
1024 2998 1074 3038 In·
1093 2996 1327 3038 Azstu'ricenfi
1339 2997 1431 3037 urbe
1440 2996 1656 3044 Gallaeciae3
1675 2996 1840 3050 quidam

937 3064 1033 3093 ante.
1040 3054 1195 3107 aliquot
1204 3067 1327 3093 annos
1338 3053 1717 3093 latentesM'anichaei
1725 3050 1842 3105 gestis

937 3108 1224 3162 episcopalibus
1243 3110 1486 3162 deteguntur
1496 3136 1508 3155 ‚
1525 3121 1613 3161 quae
1624 3108 1672 3147 ab
1682 3107 1810 3148 Idatio
1820 3136 1833 3155 ,

939 3167 978 3202 &
990 3161 1158 3203 Turibio
1169 3164 1378 3217 episcopis,
1388 3165 1458 3217 qui
1467 3178 1535 3205 eos
1545 3163 1750 3204 audierant
1761 3164 1836 3217 ‚ad

936 3219 1184 3259 Antoninum
1197 3220 1477 3260 Emeriten'sem·
1491 3219 1722 3275 episcopum
1732 3219 1832 3259 dire-

938 3273 997 3311 &a
1007 3273 1105 3312 sunt.

990 3326 1049 3366 W
1050 3328 1177 3384 andali
1190 3331 1350 3371 navibus
1361 3330 1548 3372 Turonio
1565 3331 1604 3370 in
1617 3331 1733 3371 litore
1743 3330 1834 3371 Gal-

937 3380 1054 3423 laeciae
1080 3396 1243 3436 repente
1271 3387 1446 3435 adveffi,
1480 3385 1644 3426 familias
1672 3388 1834 3441 capiunt

935 3437 1212 3491 plurimorum.
1438 3470 1440 3472 ,
1485 3467 1488 3470 Α
1547 3468 1550 3471 ,

994 3491 1237 3534 Sebastianus
1257 3495 1306 3535 de
1332 3496 1548 3538 Barcinona

937 3559 1023 3601 grat
1033 3547 1328 3589 ad-Wandalos.
1433 3561 1438 3563 ·
1696 3576 1700 3584 .
1738 3580 1741 3581 γ
1762 3576 1765 3581 -
1785 3578 1789 3581 .

992 3601 1065 3643 Per
1085 3603 1313 3657 episcopum
1334 3604 1472 3645 Romae
1499 3618 1539 3647 tu
1547 3621 1597 3647 nc
1626 3599 1831 3660 prssfiden·

1577 3495 1736 3552 fugatus
1763 3497 1842 3536 m·i--

1428 317 1766 361 IDATII
1824 289 2282 359 Eplscopi

1880 399 1959 428 tem
1978 387 2084 443 gesta
2104 386 2153 426 cle
2167 385 2400 428 Manichaeis
2417 399 2483 440 per
2494 389 2712 442 provincias
2723 393 2783 433 dvi»

1881 456 2067 497 xiguntur.

1887 499 1933 540 22
1965 499 2087 540 Vitus
2098 496 2288 552 Magister
2301 495 2502 551 utriusque
2511 497 2657 539 militiae
2666 498 2784 541 faetus

1885 555 1937 595 ad
1958 554 2164 608 Hispanias
2187 554 2315 594 missus
2329 582 2340 601 ,
2379 567 2457 593 non
2478 553 2629 605 exiguae
2649 568 2785 600 manus

1884 608 2006 651 fultus
2030 610 2204 657 auxilio,
2233 612 2326 650 cum·
2353 608 2695 660 Carthaginienses
2714 625 2783 651 ve-

1884 677 1993 706 xaret
2006 695 2018 713 ,
2027 670 2065 706 &
2076 665 2242 706 Baeticos
2253 694 2265 714 ‚
2283 665 2582 705 succedentibus
2593 678 2681 704 cum
2693 679 2784 719 rege

1882 720 1952 760 suo
1964 722 2044 761 illic
2057 720 2215 769 Suevis‚
2232 721 2415 774 superatis
2423 721 2538 759 etiam
2549 720 2587 758 in
2601 721 2782 774 congres-

1883 774 2015 822 sione,
2034 776 2148 828 quiei
2167 778 2218 816 ad
2238 776 2541 830 depraedandum
2559 776 2599 815 in
2626 777 2782 830 adjuto-

1883 831 1982 869 rium
1993 843 2203 878 venerant,
2219 832 2367 872 Gothis
2379 861 2388 877 ,
2411 832 2566 871 territus
2577 831 2782 873 miserabili

1883 886 2025 925 timore
2035 883 2206 937 diffugit.
2226 886 2343 925 Suevi
2352 888 2441 926 exin
2465 887 2546 926 illas
2559 888 2783 939 provincias

1883 953 2023 993 magna
2034 939 2334 992 depraedatione
2347 941 2584 982 subvertunt.

1884 1008 1929 1049 23
1963 994 2156 1035 Romanae
2167 994 2334 1035 ecclesiae
2354 1010 2473 1035 xmn.
2503 997 2676 1048 praefidet
2696 999 2781 1052 epi-

1879 1051 2020 1105 scopus
2030 1051 2181 1092 Le0.hu
2182 1051 2245 1104 jus
2256 1047 2396 1104 scripta
2407 1064 2475 1103 per
2479 1052 2583 1104 episc
2589 1053 2727 1106 opiTu
2733 1056 2779 1094 ri-

1879 1107 1934 1147 bii
1955 1108 2163 1147 diaconem
2183 1106 2418 1146 Pervincum
2439 1118 2574 1145 contra
2593 1108 2779 1150 Priscilia-

1879 1162 1995 1203 nistas
2005 1163 2053 1203 ad
2077 1162 2350 1216 Hispanienses
2367 1160 2576 1214 episcopos
2595 1161 2779 1204 deferun-

1877 1231 1952 1258 tur.
1984 1219 2088 1259 Inter
2101 1218 2246 1271 quaead
2264 1218 2494 1271 episcopum
2504 1217 2716 1258 Turibium
2728 1220 2779 1259 de

1878 1274 2147 1314 observatione
2165 1272 2369 1314 catholicae
2388 1272 2505 1320 fidei,
2531 1277 2569 1313 ὅ(
2591 1274 2640 1313 de
2663 1273 2779 1314 haere-

1876 1331 1957 1371 sum
1977 1329 2244 1383 blasphemiis,
2271 1328 2622 1382 disputatio-pleno
2643 1329 2778 1383 dirigi-

1876 1397 1961 1433 tur,
1989 1398 2078 1438 quae
2105 1385 2154 1431 ab
2178 1385 2374 1438 aliquibus
2390 1384 2574 1425 Gallaeci's
2607 1384 2777 1425 subdolo

1876 1441 2068 1496 probatur
2078 1440 2249 1481 arbitrio.

1930 1497 2030 1536 Solis
2040 1496 2140 1537 saresta
2149 1494 2326 1537 defeffio
2336 1495 2401 1535 die
2411 1508 2519 1534 nono
2536 1494 2622 1535 Kal.
2634 1497 2775 1549 Janua-

1878 1552 1962 1599 rias,
1976 1554 2046 1605 qui
2059 1550 2132 1591 fuit
2142 1552 2255 1592 tertia
2267 1551 2374 1591 feria.

1880 1620 1932 1660 24
1961 1606 2127 1647 Rechila
2139 1621 2205 1646 rex
2220 1608 2437 1646 Suevorum
2463 1607 2776 1659 Emeritaegenti-

1879 1662 1923 1702 lis
1939 1664 2103 1704 moritur
2122 1663 2252 1703 mense
2273 1662 2475 1711 Augusto:
2495 1663 2561 1702 cui
2575 1676 2665 1703 mox
2678 1661 2780 1703 filius

1877 1718 1964 1758 suus
1984 1719 2203 1759 catholicus
2224 1719 2458 1759 Rechiatius
2477 1718 2652 1758 succedit
2669 1719 2707 1757 in
2721 1733 2783 1758 re-

1877 1788 2028 1827 gnum,
2050 1775 2250 1814 nonnullis
2261 1774 2428 1828 quidem
2446 1773 2513 1813 fibi
2524 1774 2573 1813 de
2586 1785 2705 1827 gente
2718 1775 2782 1815 sua

1878 1830 2025 1870 aemulis
2034 1860 2045 1877 ,
2059 1830 2309 1870 sedlatenter.
2321 1828 2490 1870 obtento
2502 1841 2631 1868 tamen
2643 1843 2783 1881 regno,

1879 1885 1957 1924 fine
1979 1898 2085 1926 mora
2111 1885 2316 1925 ulteriores
2347 1886 2528 1939 regiones
2563 1885 2716 1925 invadit
2732 1887 2783 1926 ad

1879 1939 2062 1992 praedam.

1936 1992 2180 2035 Pascentium
2197 1994 2398 2048 quendam
2411 1993 2515 2035 urbis
2525 1994 2666 2035 Romae
2678 2022 2690 2041 ‚
2711 1998 2785 2050 qui

1879 2049 1930 2089 de
1941 2049 2119 2090 Asturica
2129 2049 2358 2103 diffugerat,
2380 2050 2644 2091 Manichaeum
2656 2052 2785 2092 Anto-

1880 2106 1996 2146 ninus
2012 2104 2221 2160 episcopus
2249 2105 2426 2145 Emeritae
2455 2106 2759 2161 comprehendit
2770 2135 2784 2155 ‚

1879 2161 2139 2214 auditumque
2159 2162 2279 2201 etiam
2299 2161 2352 2200 de
2361 2163 2567 2214 provincia
2587 2161 2784 2203 Lusitania

1878 2213 2145 2269 facitexpelli.

1934 2270 2010 2310 Pet
2028 2269 2204 2325 Ajulfum
2223 2270 2376 2325 Hispali
2405 2271 2622 2314 Censorius
2632 2273 2782 2327 jugula-

1885 2335 1960 2366 tur.

1882 2394 1925 2434 25
1989 2381 2223 2423 Rechiarius
2259 2395 2422 2438 accepta
2467 2385 2505 2423 in
2552 2385 2779 2436 conjugium

1877 2437 2111 2478 Theodoris
2130 2439 2229 2491 regis
2256 2437 2358 2486 filia,
2387 2438 2606 2492 auspicatur
2625 2440 2780 2480 initium
2842 2440 2849 2449 ‘
2877 2450 2886 2460 ⁴

1876 2494 2202 2554 regniVasconias
2216 2493 2464 2548 depraedatur
2476 2495 2605 2535 mense
2615 2495 2648 2534 F
2651 2494 2782 2536 ebrua-

1879 2562 1950 2588 rio.

1915 2643 1921 2649 ,
1936 2603 2094 2645 Basilius
2113 2604 2166 2644 ob
2196 2603 2462 2648 testimonium
2492 2606 2641 2658 egregii
2669 2607 2781 2649 ausus

1879 2657 1936 2699 sui
1959 2662 2212 2714 congregatis
2233 2660 2424 2702 Bacaudis
2451 2662 2490 2701 in
2515 2662 2675 2702 ecclesia
2692 2662 2780 2717 Ty-

1879 2714 2041 2756 riaffone
2050 2715 2266 2756 foederatos
2278 2717 2392 2757 occid
2399 2718 2437 2756 it.
2453 2717 2519 2756 ubi
2533 2721 2568 2756 ὅ(
2585 2717 2668 2757 L'eo
2681 2718 2782 2770 epus-

1879 2771 1970 2811 dem
1982 2770 2152 2812 ecclefiae
2161 2773 2380 2826 episcopus,
2391 2772 2438 2811 ab
2451 2771 2594 2812 eisdem
2607 2775 2780 2826 quicum

1879 2826 2023 2866 Basilio
2037 2829 2206 2876 aderant,
2215 2830 2252 2868 in
2265 2842 2314 2868 eo
2327 2828 2422 2868 loco
2432 2828 2530 2867 obiit
2542 2829 2776 2872 vulneratus·

1936 2881 2171 2924 Rechiarius
2181 2883 2311 2924 mense
2326 2883 2440 2935 Julio
2451 2883 2501 2922 ad
2519 2883 2778 2925 Theodorem

1880 2936 2057 2979 socerum
2078 2938 2277 2992 profestus
2290 2968 2302 2984 ,
2321 2938 2700 2991 caesaraugustanam
2722 2954 2778 2980 re-

1880 2994 2041 3046 gionem
2061 3008 2150 3035 cum
2162 2993 2302 3035 Bafilio
2318 2995 2360 3034 in
2379 2994 2505 3033 reditu
2518 2994 2778 3046 depraedatur.

1881 3049 2034 3102 Irrupta
2055 3062 2124 3103 per
2144 3049 2285 3090 dolum
2308 3049 2491 3090 Ilerdeusi
2512 3050 2606 3090 urbe
2622 3051 2704 3092 aeia
2720 3051 2776 3091 est

1881 3117 1960 3143 non
1972 3117 2089 3157 parva
2098 3117 2315 3159 captivitas.

1876 3160 1928 3199 26
1946 3158 2126 3201 Asturius
2138 3163 2195 3202 vir
2204 3161 2358 3203 illustris
2367 3162 2420 3202 ad
2431 3160 2623 3201 honorem
2633 3174 2776 3214 prove->

1875 3217 1979 3257 hitur
1991 3216 2223 3258 consulatus.

1929 3271 2403 3313 Sebastianusexulfaetus
2414 3271 2670 3324 perniciosam
2685 3271 2750 3312 fibi
2759 3300 2774 3319 ‚

1875 3328 1971 3368 ficut
1979 3324 2200 3380 pofflexitus
2211 3328 2351 3367 docuit
2362 3357 2374 3375 ‚
2393 3326 2578 3367 Gaiserici
2589 3325 2773 3380 confugit
2808 3330 2813 3366 s

1874 3383 2121 3439 potestatem:
2133 3384 2253 3437 parvo
2266 3383 2354 3436 post
2371 3395 2555 3435 tempore
2572 3384 2695 3437 quam
2708 3397 2772 3423 ve-

1874 3451 1983 3480 ner-at
1993 3451 2064 3492 per
2072 3451 2161 3478 eum
2167 3439 2326 3491 jubetur
2339 3439 2484 3478 occidi.

1929 3495 1991 3534 De
2015 3493 2151 3535 Galliis
2173 3494 2351 3548 epistolae⁴¹
2363 3493 2593 3534 deferuntur
2618 3493 2769 3533 Flavia-

1876 3546 2102 3603 ni-episcopi
2121 3551 2171 3590 ad
2183 3551 2366 3590 Leonem
2382 3549 2611 3603 epi-‘scopum
2633 3547 2769 3594 miffae,

1874 3618 1965 3646 cum
1985 3605 2134 3657 scriptis
2154 3606 2295 3659 Cyrilli
2322 3605 2497 3658 episcopi
2514 3603 2769 3696 Alexandrindi
2792 3653 2793 3657 Ἰ

2717 3671 2738 3696 a
2792 3687 2793 3692 ,
