2366 4040
181 987 307 1016 Orruit.

181 1034 239 1052 CCCX
248 1036 269 1052 1.

374 270 417 296 22

371 327 411 365 in
426 322 650 376 sanguinem
672 323 787 376 plena
799 320 1053 361 convertitur.
1067 315 1177 354 Idem
1189 313 1271 352 dies

373 379 478 420 sexta
491 378 586 418 feria
599 377 684 419 fuit.

431 435 649 475 Antiochia
676 433 799 486 major
825 429 851 455 ’³⁴‘
869 426 1019 469 Isauriae
1039 422 1272 464 inobediens

374 491 534 532 monitis
546 491 880 532 salutaribus,terra
891 479 1114 521 dehiscente
1125 479 1283 519 demer-.

373 548 478 600 gitur
491 573 502 592 ,
512 548 658 585 tantum
670 543 783 596 ipsius
793 537 961 578 civitatis
971 534 1193 587 aliquantis,
1206 535 1276 589 qui

374 615 464 641 eum
477 601 734 640 obaudientes
746 594 877 633 timori
891 590 1056 630 Domini
1068 589 1155 630 sunt
1167 590 1271 630 secu-

372 658 478 704 ti‚de
502 656 658 695 interitu
672 650 862 694 liberatis,
881 647 1045 686 turrium
1056 648 1171 686 etiam
1183 646 1272 686 solis

373 710 646 752 cacuminibusv
655 704 881 744 extantibus
893 703 1006 755 super
1018 713 1168 741 terram.

425 764 641 806 Gaisericus
676 759 945 800 Valentiniani
966 757 1137 796 relifihm
1160 755 1271 795 Con-

368 818 619 870 stantinopol.
635 816 809 855 remittit.
829 814 938 854 Filiae
947 812 1062 866 ipfius
1074 826 1150 852 una
1162 811 1272 851 Gen-

367 876 454 916 toni
466 872 651 914 Gaiserici
664 871 838 918 fili0‚alia
849 869 1020 923 Olybrio
1030 867 1198 908 senatori
1211 880 1273 907 ut-

367 932 424 970 bis
435 929 574 980 Romae
580 929 668 980 jure
680 927 860 967 matrimo
869 929 922 965 n1i
934 925 1183 978 copulantur.

369 983 371 985 ’
424 985 666 1038 Agrippinus
685 983 823 1023 Gallus
840 986 878 1022 &
898 981 1048 1020 Comes
1061 1008 1072 1026 ‚
1087 983 1125 1019 &
1148 979 1244 1019 civis
1258 1007 1269 1024 ‚

369 1041 539 1094 AEgidio
552 1040 708 1079 Comiti
728 1040 814 1078 viro
833 1035 974 1089 infigni
992 1035 1174 1075 inimicus
1188 1063 1200 1082 ‚
1228 1045 1272 1074 ut

370 1096 597 1136 Gothorum
618 1105 831 1134 mereretur
849 1092 992 1132 auxilia
1004 1119 1017 1138 ‚
1036 1090 1078 1130 N
1086 1091 1272 1130 arbonam

370 1152 535 1192 tradidit
547 1151 827 1190 Theudorico.

426 1207 623 1247 Adversus
633 1206 841 1260 AEgidium
853 1203 1056 1243 Comitem
1072 1200 1274 1255 utriusque

364 1263 519 1302 -militiae
534 1291 544 1309 ‚
555 1263 679 1302 virum
693 1293 703 1309 ,
723 1272 766 1301 ut
777 1259 879 1299 fama
889 1259 1166 1305 commendat,
1187 1258 1278 1296 Deo

373 1319 487 1357 bonis
499 1318 683 1370 operibus
694 1316 1008 1370 complacentem
1020 1342 1032 1362 ,
1052 1315 1091 1353 in
1106 1314 1277 1353 Arm-ori-

375 1387 470 1413 cana
491 1374 699 1426 provincia
719 1371 931 1413 Fretiricus
950 1368 1067 1411 frater
1086 1369 1278 1408 Theude-

372 1429 446 1467 rici
465 1430 566 1482 regis
583 1430 781 1482 insurgens
793 1457 805 1475 ,
828 1439 918 1466 cum
942 1426 1000 1466 his
1020 1439 1112 1466 cum
1130 1424 1276 1479 quibus

371 1482 494 1524 fuerat
506 1514 516 1530 ,
525 1483 724 1536 superatus
734 1484 944 1524 occiditur.

426 1536 532 1579 C‘um
546 1540 752 1593 palegorio
764 1541 851 1579 viro
863 1536 986 1577 nobili
998 1536 1192 1583 Galaeciae,
1202 1535 1274 1589 qui

371 1595 421 1634 ad
451 1594 714 1647 supradietum
736 1594 860 1635 fuerat
897 1606 1029 1646 regem
1054 1594 1114 1646 Cy
1121 1593 1190 1632 tila
1219 1593 1272 1631 le-

369 1662 481 1703 gatus
490 1651 540 1690 ad
554 1652 778 1691 Gallaeciam
788 1651 1106 1695 veniens‚euntes
1118 1650 1168 1688 ad
1179 1661 1273 1688 eun-

369 1707 460 1745 dem
492 1720 620 1758 regem
649 1709 800 1760 legatos
826 1705 959 1745 obviat
980 1703 1270 1744 Remismundi.

370 1762 441 1814 qui
452 1763 653 1814 regreffivin
665 1764 804 1809 celeri,
824 1770 1086 1800 revertentem
1098 1759 1273 1812 Cyrilam

368 1818 408 1855 in
420 1816 585 1856 Lucensi
597 1818 691 1856 urbe
711 1816 933 1868 suscipiunt.
948 1813 1042 1853 Post
1053 1815 1167 1867 cujus
1177 1826 1271 1852 mox

369 1872 557 1924 egressum
569 1873 621 1912 de
632 1873 829 1917 Gallaecia,
839 1869 958 1908 Suevi
970 1868 1271 1922 promiffionum

366 1927 517 1966 suarum
529 1939 572 1966 ut
583 1927 730 1980 semper
739 1925 895 1966 fallaces
907 1928 944 1964 ὅτ
957 1924 1122 1977 perfidi,
1141 1924 1271 1964 divet-

366 1981 676 2023 salocainfelicis
689 1981 883 2022 Gallaeciae
904 1980 1022 2021 solito
1041 1981 1271 2033 depraedan-

365 2050 440 2079 tul·-
946 2071 951 2075 i

422 2093 804 2134 PerTheudoricum
814 2090 1016 2132 adSuevos
1025 2090 1273 2130 Remismun-

367 2150 441 2190 dus
452 2178 464 2197 ,
476 2153 512 2189 ὃ(
524 2150 661 2203 Cyrila
674 2163 764 2189 cum
777 2148 987 2200 aliquantis
997 2146 1144 2186 Gothis
1156 2175 1168 2194 ‚
1197 2145 1268 2199 qui

367 2207 473 2258 prius
487 2216 673 2244 venerant
683 2233 695 2251 ‚
708 2201 1114 2255 remittuntur.Cyrila
1125 2202 1163 2240 in
1176 2201 1269 2242 Gal-

368 2262 476 2301 laecia
487 2271 725 2307 remanente,
735 2256 1022 2300 Remismundo
1035 2271 1129 2296 mox
1142 2270 1271 2297 recur-

368 2328 479 2356 rente
490 2316 539 2355 ad
552 2329 683 2368 regem
696 2345 707 2363 ,
728 2317 828 2355 inter
838 2314 1031 2353 Gallaecos
1042 2342 1053 2360 ,
1072 2317 1110 2353 ὃς
1122 2312 1274 2353 Suevos

370 2371 657 2424 indisciplinata
668 2371 911 2423 perturbatio
922 2370 1160 2408 dominatur.

430 2425 794 2467 Roman-:eecclesiae
805 2439 913 2466 κων.
934 2423 1111 2478 praefidet
1122 2423 1223 2478 episc
1230 2438 1273 2464 0-

375 2496 446 2535 pus
458 2482 626 2521 Hilarus

376 2550 412 2589 7.
446 2550 465 2589 3
491 2537 747 2591 Nepotianus
758 2536 908 2577 recedit
919 2536 942 2573 ὲ
953 2548 1136 2588 corpore.

428 2593 633 2633 Frumario
646 2605 822 2638 mortuo,
835 2591 1277 2632 Remismundusomni-

373 2647 445 2688 bus
463 2648 596 2690 Suevis
608 2649 646 2688 in
669 2649 770 2688 suam
782 2649 973 2688 ditionem
986 2648 1106 2701 regali
1118 2649 1204 2700 jure
1217 2661 1277 2687 re-

375 2705 526 2744 vocatis
539 2735 550 2752 ‚
562 2718 696 2757 pacem
709 2704 892 2744 reformat
901 2702 1080 2756 elapsam.

433 2761 572 2800 Mense
582 2762 696 2813 Majo
709 2759 919 2814 supradiffi
930 2760 999 2798 viri
1010 2757 1163 2812 AEgidii
1173 2758 1277 2812 lega-

374 2817 405 2856 ti
418 2829 489 2868 per
510 2817 718 2858 Oceanum
742 2817 792 2856 ad
816 2815 1040 2855 Wandalos
1058 2814 1256 2855 transeunt
1267 2843 1278 2862 ,

375 2874 444 2925 qui
463 2872 604 2912 eodem
617 2872 727 2912 cursu
751 2870 970 2925 Septembri
999 2871 1128 2912 mense
1148 2870 1291 2910 rever?

377 2938 513 2967 tuntur
523 2928 573 2967 ad
585 2928 685 2968 suos.

431 2983 722 3024 Decimotertio
746 2980 914 3021 Kalend.
951 2980 1117 3034 Augusti
1134 2981 1199 3021 die
1222 2979 1276 3019 se-

378 3038 505 3076 cunda
518 3037 632 3087 feria,
651 3040 689 3078 in
715 3037 885 3090 speciem
901 3038 1021 3077 Lunae
1039 3038 1189 3091 quintae
1210 3036 1280 3076 Sol

378 3093 428 3131 de
442 3093 587 3133 lumine
601 3095 670 3134 suo
681 3094 727 3134 ab
741 3094 836 3134 hora
855 3094 1024 3133 tertiain
1045 3094 1179 3133 horam
1200 3092 1282 3132 sex-

378 3158 456 3186 tam
466 3151 635 3189 cernitur
647 3151 871 3189 minoratus.

434 3202 601 3255 Legatos
620 3205 924 3245 Remismundus
943 3205 1061 3245 mittit
1073 3204 1124 3244 ad
1142 3203 1282 3244 Theu-

380 3257 586 3308 doricum3
606 3263 677 3312 qui
689 3260 860 3301 similiter
871 3260 959 3300 suos
979 3262 1027 3301 ad
1038 3259 1284 3300 Remismun-

380 3313 475 3351 dum
487 3316 650 3354 remittit
663 3344 674 3362 ‚
692 3330 782 3355 cum
803 3329 998 3356 armorum
1030 3315 1255 3370 adjeElione
1270 3345 1282 3362 ,

380 3367 447 3407 vel
466 3381 667 3408 munerum
685 3398 695 3417 ,
714 3372 860 3411 dire&a
884 3375 921 3411 δε
946 3373 1115 3425 conjuge
1132 3401 1144 3418 ,
1161 3384 1282 3425 quam

381 3421 549 3463 haberet.

430 3478 626 3539 ‘Wandali
637 3493 709 3532 per
720 3480 998 3524 Marcellinum
1009 3483 1049 3523 in
1061 3481 1190 3525 Sicilia
1200 3480 1281 3523 caesi

383 3534 604 3588 eflugantur
615 3548 664 3575 ex
675 3548 728 3576 ea.

867 239 1201 290 IDATII
1258 238 1715 286 EPISCOPI

1363 315 1556 369 'Aegidius
1580 316 1745 355 moritur
1755 343 1768 362 ,
1802 311 1866 352 alii
1887 313 2029 355 dicunt
2051 314 2217 366 insidiis⁹

1313 371 1378 410 alii
1391 383 1548 410 veneno
1561 370 1764 424 deceptus.
1777 370 1875 420 Quo
1889 367 2089 410 defistente
2101 398 2112 417 ‚
2124 385 2218 413 mox

1315 426 1440 467 Gothi
1461 427 1640 478 regiones
1667 427 1855 466 invadunt
1867 453 1878 471 ,
1907 437 2005 478 quas
2032 426 2222 469 Romano

1317 483 1469 521 nomini
1480 481 1671 522 tuebatur.
2020 498 2023 501 >

1367 538 1416 578 Su
1423 538 1489 578 evi
1500 537 1801 577 Conimbricam
1814 536 1954 576 dolose
1964 534 2121 588 ingressi
2133 565 2146 584 ‚
2165 536 2219 578 fa-

1317 593 1462 632 miliam
1481 593 1656 633 nobilem
1678 592 1869 633 Cantabri
1889 590 2079 644 spoliant,
2104 596 2143 632 δε
2156 606 2220 632 ca-

1314 649 1462 700 ptivam
1473 648 1676 689 abducunt
1687 660 1847 689 matrem
1859 661 1950 686 cum
1964 647 2068 687 filiis.

1368 703 1654 754 Legatieodem
1667 718 1771 743 anno
1783 703 1934 744 duabus
1956 704 2110 743 vicibus
2121 702 2142 742 a
2162 716 2223 743 re-

1314 770 1363 810 ge
1373 756 1592 796 Suevorum
1604 760 1809 799 mittuntur
1820 759 1871 798 acl
1881 772 2012 812 regem
2024 759 2222 799 Theudo-

1313 817 1437 852 ticum
1448 839 1459 857 ‚
1468 811 1518 851 ad
1531 825 1650 865 quem
1659 817 1696 852 &
1709 814 1896 853 Arborius
1907 813 2169 867 proficilcitur
2179 828 2222 853 e-

1314 878 1496 907 vocatus.

1317 925 1351 962 8.
1385 936 1412 974 4
1440 921 1959 976 ReverfilegatiSuevorum
1971 923 2105 965 obiisse
2120 939 2221 965 nun-

1313 981 1419 1020 ciant
1431 979 1613 1019 Severum
1628 979 1781 1031 imperii
1803 978 1857 1019 sui
1869 993 1973 1018 anno
1984 993 2139 1031 quarto.
2150 981 2223 1034 qui

1314 1036 1424 1088 supra
1435 1036 1689 1074 remittuntur
1702 1035 1749 1074 ad
1763 1034 2075 1074 Conimbricam.

1370 1090 1407 1129 A
1411 1093 1474 1140 jax
1488 1091 1648 1130 natione
1660 1090 1801 1130 Galata
1813 1119 1824 1138 ,
1842 1090 2002 1130 effeetus
2023 1089 2197 1142 apostata
2210 1122 2225 1138 ,

1315 1151 1353 1188 ὃς
1373 1147 1500 1186 senior
1519 1148 1727 1193 Arrianus,
1755 1147 1856 1186 inter
1876 1146 2026 1185 Suevos
2046 1146 2145 1198 regis
2167 1144 2232 1195 su'i,

1320 1203 1470 1243 auxilio
1489 1201 1611 1242 hostis
1633 1202 1855 1242 Catholicae
1876 1201 1991 1246 fidei,
2019 1205 2057 1241 δε
2078 1201 2225 1240 divinae

1320 1257 1530 1298 Trinitatis
1552 1258 1729 1309 emergit.
1765 1257 1816 1296 de
1838 1257 2043 1296 Gallicana
2064 1256 2225 1295 Gotho-

1321 1328 1404 1354 rum
1416 1312 1656 1353 habitatione
1667 1314 1743 1352 hoc
1756 1311 1983 1366 pestiferum
1993 1310 2224 1351 inimiciho-

1319 1371 1434 1410 minis
1446 1370 1550 1410 virus
1561 1369 1783 1409 advefitum.

1373 1425 1491 1465 Suevi
1524 1424 1725 1465 adversum
1755 1421 2030 1463 Aunonensem
2061 1421 2224 1463 saeviunt

1314 1481 1482 1535 plebem.
1509 1495 1588 1535 qua
1602 1483 1651 1520 de
1661 1479 1769 1521 causa
1789 1481 1908 1532 legati
1927 1478 2226 1518 §.Theudorico

1314 1538 1364 1577 ad
1389 1537 1715 1577 Remiimundum
1744 1537 1953 1576 mittuntur
1983 1534 2023 1574 in
2051 1534 2193 1574 cassum
2212 1562 2228 1582 ‚
2259 1549 2263 1552 *

1315 1592 1513 1646 spretique
1524 1593 1571 1631 ab
1581 1607 1629 1632 eo
1651 1606 1741 1631 mox
1756 1593 1935 1631 redeunt.

1371 1649 1433 1688 De
1465 1648 1817 1701 Constantinopoli
1832 1648 1859 1686 a
1889 1647 2024 1686 Leone
2043 1643 2226 1697 Augusto

1316 1703 1553 1744 Anthemius
1573 1701 1690 1743 frater
1704 1703 1893 1755 Procopii
1916 1715 2007 1741 cum
2018 1700 2228 1741 Marcelli-

1315 1772 1368 1797 no
1379 1787 1392 1806 ,
1412 1759 1576 1811 aliisque
1589 1759 1796 1799 comitibus
1806 1759 1897 1798 viris
1907 1758 2039 1797 eleffis
2049 1786 2062 1805 ,
2082 1761 2120 1796 ὃς
2132 1768 2226 1795 curn

1315 1813 1470 1865 ingenti
1489 1815 1746 1853 multitudine
1767 1815 1960 1853 exercitus
1979 1810 2152 1866 copiosi,
2171 1811 2224 1850 ad

1313 1866 1465 1908 Italiam
1478 1894 1490 1913 ,
1502 1868 1595 1908 Deo
1607 1869 1812 1908 ordinante
1822 1897 1833 1915 ,
1843 1868 2012 1907 direfims
2027 1866 2215 1907 ascendit.

1366 1922 1403 1965 R
1416 1937 1444 1964 o
1456 1939 1490 1964 M
1505 1937 1526 1962 A
1542 1939 1569 1965 N
1582 1938 1607 1964 0
1621 1939 1645 1964 R
1657 1938 1686 1964 U
1702 1939 1734 1964 M
1767 1938 1876 1965 xtvr.
1916 1923 2151 1963 Anthemius
2170 1935 2216 1960 o-

1312 1978 1427 2019 &avo
1441 1980 1624 2020 milliario
1634 1980 1683 2020 de
1694 1979 1825 2020 Roma
1837 1978 2034 2033 Augustus
2043 1976 2217 2033 appella-

1313 2045 1398 2082 tur,
1426 2049 1534 2076 anno
1557 2036 1704 2076 Leonis
1722 2036 1879 2088 imperii
1898 2035 2066 2083 ottavo,
2084 2031 2217 2074 mense

1315 2091 1508 2143 Augusto.
2124 2129 2134 2138 ‚

1310 2160 1350 2198 9.
1384 2158 1400 2183 1
1426 2145 1644 2198 Expeditio
1653 2144 1704 2185 ad
1714 2144 1891 2184 Africam
1904 2143 2215 2184 adversusWan-

1311 2199 1423 2240 dalos
1435 2202 1615 2241 ordinata
1628 2200 1910 2240 metabolarum
1931 2199 2213 2240 commutatio-

1312 2269 1361 2295 ne
1373 2285 1384 2304 ,
1403 2260 1441 2296 &
1459 2257 1719 2310 navigationis
1736 2257 2081 2310 inopportunitate
2100 2267 2216 2294 revo-

1315 2323 1437 2351 catur.

1370 2367 1442 2407 Per
1452 2368 1752 2408 Theudericum
1771 2366 1871 2407 Salla
1887 2367 2038 2421 legatus
2049 2365 2220 2405 mittitur

1315 2423 1365 2462 ad
1387 2423 1712 2473 Remismundum
1733 2437 1865 2477 regem
1887 2422 2129 2468 Summum,
2148 2421 2220 2472 qui

1317 2479 1486 2520 reversus
1498 2481 1548 2519 ad
1562 2480 1709 2520 Gallias
1719 2493 1808 2519 eum
1829 2477 1850 2518 εὶ
1861 2477 1977 2518 fratre
1989 2476 2059 2517 suo
2073 2476 2220 2516 Eutico
2238 2473 2245 2479 ’

1319 2537 1464 2588 reperit
1474 2535 1736 2576 interfefifflm.

1373 2590 1537 2631 Euricus
1548 2592 1629 2644 pari
1639 2591 1781 2631 scelere
1792 2605 1875 2645 quo
1885 2589 2003 2628 frater
2014 2617 2026 2636 ,
2044 2587 2222 2628 succedit

1319 2647 1359 2687 in
1370 2660 1557 2701 regnum:
1578 2649 1647 2702 qui
1669 2648 1820 2687 honore
1833 2645 2044 2699 prove&us
2057 2673 2067 2691 ,
2096 2648 2133 2682 δε
2148 2646 2221 2684 cri-

1319 2703 1425 2743 mine
1438 2732 1450 2751 ,
1469 2704 1623 2756 legatos
1640 2702 1687 2743 ad
1698 2717 1832 2753 regem
1847 2702 1978 2753 dirigit
1989 2700 2220 2740 Suevorum.

1320 2759 1464 2814 quibus
1483 2758 1561 2798 fine
1582 2761 1722 2799 moraa
1735 2757 2022 2798 Remismundo
2043 2754 2223 2800 remiffis,

1321 2815 1494 2868 ejusdem
1506 2817 1607 2868 regis
1626 2815 1747 2867 legati
1766 2814 1814 2853 ad
1835 2813 2134 2865 Imperatorem,
2155 2810 2223 2850 alii

1320 2872 1371 2911 ad
1386 2871 1602 2911 Wandalos
1612 2900 1622 2916 ‚
1634 2870 1698 2909 alii
1709 2870 1930 2923 diriguntur
1940 2868 1990 2907 ad
2002 2866 2175 2906 Gothos,

1378 2926 1442 2965 De
1456 2925 1681 2965 Aunonensi
1693 2925 1804 2979 plebe
1816 2953 1826 2970 ‚
1847 2925 1912 2963 cui
1922 2923 2140 2963 Suevorum
2155 2920 2222 2961 ad-

1320 2980 1542 3021 versabatur
1552 2980 1742 3021 hostilitas
1755 3009 1766 3028 ,
1785 2979 1929 3033 Opilio
1942 2992 2033 3018 cum
2056 2978 2147 3017 viris
2164 2977 2222 3016 se-

1323 3050 1413 3077 cum
1424 3036 1445 3076 ἐι
1459 3050 1547 3090 rege
1560 3035 1755 3091 profestis,
1768 3040 1804 3076 ὃς
1818 3049 1906 3075 cum
1920 3034 2142 3087 aliquantis,
2154 3032 2224 3085 qui

1324 3106 1418 3132 cum
1428 3092 1514 3145 ipso
1528 3093 1622 3133 missi
1635 3091 1803 3139 fuerant,
1816 3091 2035 3131 revertitur.

1377 3148 1529 3196 Gothi,
1557 3150 1627 3203 qui
1649 3146 1930 3188 aci-wandalos
1945 3144 2038 3185 miffi
2050 3143 2227 3191 fuerant,

1323 3203 1549 3258 supradiEtae
1565 3203 1833 3258 expeditionis
1854 3214 2008 3241 rumore
2026 3199 2226 3239 Perterriti

1324 3273 1573 3301 revertuntur
1584 3262 1623 3300 in
1637 3260 1773 3298 celeri:
1793 3258 1934 3310 pariter
1945 3261 1982 3296 ὃ(
1995 3255 2113 3295 Suevi
2124 3283 2135 3302 ,
2157 3257 2226 3307 qui

1326 3317 1415 3368 post
1425 3317 1594 3369 legatos,
1613 3329 1720 3355 more
1734 3314 1851 3353 solito
1864 3341 1876 3359 ‚
1897 3325 1965 3364 per
1977 3311 2226 3351 diversaloca
2271 3356 2273 3359 Α

1323 3373 1364 3411 in
1376 3372 1541 3424 praedam
1555 3369 1710 3422 dispersi
1724 3368 1873 3410 fuerant
1883 3398 1893 3414 ,
1905 3378 2148 3407 revocantur:
2160 3364 2227 3402 sed

1323 3430 1457 3480 paucis
1469 3425 1757 3481 postmenfibus
1769 3427 1847 3479 ipse
1867 3438 1931 3464 rex
1950 3423 2164 3463 Suevorum
2176 3418 2227 3457 acl

1324 3481 1560 3522 Lusitaniam
1571 3481 1714 3522 transit.

1327 3551 1346 3578 2
1379 3538 1633 3580 conimbrica
1651 3538 1690 3577 in
1713 3550 1810 3590 pace
1831 3535 1999 3588 decepta
2020 3530 2225 3625 diripitur:

2113 3597 2224 3625 onius
