2366 4040
191 258 241 295 60

765 247 1160 291 EUSEBII
1216 227 1703 292 PAJMPHI'LI

403 356 562 395 HEBR.
640 349 1372 396 LASSYRASJCYONJLAEGYPT.

377 442 523 476 LXVII.
637 440 716 473 XV.
888 435 1015 494 XXIII.
1091 467 1093 470 .
1140 437 1283 471 LXVII.

379 540 541 573 LXVIII.
637 539 733 574 XVI.
889 531 1019 566 XXIV.
1139 536 1298 571 LXVIII.

381 637 508 672 LXIX.
638 636 748 669 XVII.
890 631 1003 665 XXV.
1120 608 1121 611 ¹
1142 634 1268 668 LXIX.
2343 689 2350 698 .

890 728 932 770 Τ
951 730 996 770 H
1013 729 1047 769 E
1065 730 1118 770 L·
1447 734 1729 789 Sicyoniorum
1746 736 1910 789 quintus
1931 735 1972 778 T
1986 737 2031 777 H
2044 737 2077 777 E
2088 738 2121 779 L
2135 738 2178 780 X
2189 740 2210 781 1
2221 705 2321 788 CN:
2336 717 2350 746 γ’

909 786 952 826 X
963 787 983 827 I
994 787 1036 827 O
1048 788 1106 828 N.
1423 842 1426 843 .
1506 804 1596 829 ann.
1627 792 1693 832 ffi.
1734 825 1737 828 .

378 878 486 912 LXX.
635 874 767 933 XVIII.
891 873 917 907 I.
1144 875 1255 909 LXX.

377 977 506 1012 LXXI.
636 973 731 1007 XIX.
891 973 933 1006 II.
1146 973 1269 1007 LXXI.

379 1070 524 1111 LXXII.
614 1045 715 1105 XX.
791 1097 795 1101 .
892 1070 951 1107 III.
978 1096 980 1098 .
1146 1072 1288 1105 LXXII.

381 1175 542 1209 LXXIII.
638 1170 734 1204 XXI.
894 1171 956 1204 IV.
1012 1156 1016 1157 ⁷
1148 1171 1305 1204 LXXIII.

380 1271 544 1307 LXXIV.
637 1269 750 1303 XXII.
893 1269 937 1304 V.
1150 1269 1312 1319 LXXIV.
2303 1304 2343 1334 m

381 1371 529 1407 LXXV.
624 1354 766 1412 μὶΧΧΙΙΙ.
893 1367 952 1401 VI.
1150 1368 1296 1402 LXXV.
1453 1372 1590 1402 munaus
1611 1378 1732 1401 Annus
1754 1377 2064 1404 REPROM1SSION1S
2084 1380 2146 1404 DEI
2167 1383 2215 1405 AD
2307 1342 2324 1371 Ι*

1515 1427 1711 1450 ABRAHAM.
2338 1435 2341 1440 ⁷

384 1494 589 1538 Abraham
601 1521 614 1541 ‚
632 1504 758 1548 quum
778 1512 878 1534 Lxxv
890 1490 1204 1540 effiztannorum,
1215 1486 1357 1533 divino
1366 1485 1512 1548 dignus
1520 1488 1689 1531 habetur
1699 1489 1890 1546 alloquio,
1904 1495 1941 1532 8(
1950 1506 1996 1532 ea
2005 1491 2323 1547 repromiffmneffi·
2354 1478 2357 1530 ἶ

442 1551 555 1607 quod
565 1550 615 1592 ad
626 1564 720 1591 eum
732 1549 833 1589 fasta
843 1549 911 1590 est.
2321 1547 2334 1558 ²

384 1610 540 1650 Primus
555 1622 681 1648 annus
698 1605 1005 1661 repromiffionis
1016 1606 1096 1647 Dei
1104 1606 1156 1647 ad
1166 1606 1370 1647 Abraham
1382 1618 1390 1646 ἐ
1404 1606 1425 1646 ὲ
1436 1619 1531 1659 quo,
1542 1603 1665 1658 usque
1676 1604 1727 1645 ad
1739 1605 1925 1660 Moysen,
1935 1610 1973 1646 &
1982 1607 2117 1662 egress'
2108 1621 2174 1647 um
2188 1605 2313 1663 gentis
2328 1638 2334 1642 .
2350 1631 2352 1644 I

438 1666 703 1707 Hebraeorum
715 1677 763 1705 ex
773 1662 969 1719 AEgypto‚
982 1663 1246 1718 supputantur
1253 1665 1347 1704 anni
1357 1681 1448 1703 cccc
1455 1681 1526 1702 xxx
1539 1682 1545 1700 :
1560 1670 1734 1715 quorum
1745 1663 1931 1703 meminit
1939 1664 2082 1710 Paulus
2089 1664 2150 1704 ita.
2157 1664 2294 1705 dIcens
2303 1680 2324 1706 :-

378 1748 381 1751 -
436 1725 693 1777 Testamentum
713 1723 954 1773 confirmatum
973 1721 1000 1760 ὰ
1016 1726 1162 1762 Domino
1170 1748 1183 1769 ,
1204 1737 1273 1777 quae
1283 1723 1358 1777 pest
1375 1718 1638 1774 quadringintos
1649 1720 1694 1765 dy·
1704 1723 1857 1775 trigenta
1874 1736 1977 1760 annos
1979 1720 2082 1774 fasta
2100 1722 2147 1774 est
2156 1722 2216 1761 lex·
2226 1754 2234 1768 ,
2254 1736 2318 1761 non

437 1782 597 1833 infirmat
606 1780 653 1818 ad
660 1778 893 1819 evacuandam
897 1778 1160 1834 promissionem.
1192 1778 1278 1833 Ipse
1295 1788 1459 1832 quoque
1478 1775 1519 1814 in
1538 1775 1683 1815 Exodo
1701 1776 1865 1830 Moyses
1885 1777 1946 1818 his
1957 1791 2184 1833 congruens
2194 1777 2313 1831 loqui·¹
2328 1814 2330 1818 ,

439 1847 506 1884 tur
517 1852 524 1876 :
533 1837 709 1876 Habitatio
720 1836 999 1887 autemfiliorum
1006 1833 1117 1887 Israel
1127 1870 1135 1884 ,
1148 1852 1217 1891 qua
1223 1834 1473 1878 habitaverunt
1481 1835 1519 1873 in
1528 1840 1595 1877 &E
1593 1848 1619 1888 g
1619 1844 1703 1888 ypto
1713 1865 1722 1881 ‚
1735 1834 1779 1881 ά·
1787 1837 1824 1873 in
1835 1844 1931 1875 terra
1940 1833 2105 1875 chanaan
2117 1867 2125 1882 ,
2137 1835 2201 1890 ipſs
2207 1835 2312 1890 &pa-

437 1904 489 1933 tes
500 1908 631 1940 eorum,
643 1896 726 1933 anni
736 1893 981 1948 quadringenti
990 1895 1151 1946 triginta.

382 2012 544 2048 LXXVI.
642 2013 772 2047 XXIV.
896 2013 972 2048 VII.
1154 2012 1314 2054 LXXVI,

383 2112 562 2146 LXXVII.
642 2111 755 2144 XXV.
797 2095 803 2096 ’
898 2112 991 2146 VIII.
1154 2110 1331 2144 LXXVII.

385 2210 578 2255 LXXVIII.
640 2208 771 2241 XXVI.
898 2201 956 2243 IX.
1060 2200 1065 2205 ’
1153 2207 1348 2243 LXXVIII.

383 2309 545 2343 LXXIX.
641 2307 785 2340 XXVII.
897 2309 940 2342 x.
1154 2307 1316 2341 LXXIX.

386 2408 531 2441 LXXX.
640 2406 800 2440 XXVIII.
897 2407 956 2440 XI.
1154 2406 1298 2440 LXXX.

383 2506 544 2541 LXXXI.
639 2505 766 2539 XXIX.
895 2506 970 2539 XII.
1153 2505 1314 2539 LXXXI.

366 2656 369 2659 .
382 2605 558 2640 LXXXII.
638 2604 750 2638 XXX.
894 2604 984 2638 XIII.
1153 2604 1330 2638 LXXXII.

367 2664 576 2739 ⁴'LXXXIII
637 2702 763 2737 XXXI.
894 2703 989 2737 XIV.
1138 2702 1349 2758 LXXXIII.

384 2803 582 2838 LXXXIV.
636 2802 779 2836 XXXII.
892 2801 970 2835 XV.
1153 2802 1348 2835 LXXXIV.

385 2902 565 2936 LXXXV.
638 2900 796 2934 XXXIII.
892 2899 986 2933 XVI.
1152 2900 1332 2933 LXXXV.
1454 2910 1614 2935 DECIMUS
1634 2911 1755 2936 ANNUS
1776 2904 2097 2935 REPRoMISSIONIS.

385 3001 580 3034 LXXXVI.
638 2999 801 3033 XXXIV.
893 2998 1004 3032 XVII.
1151 2973 1346 3033 LXXXVI.

386 3098 597 3133 LXXXVII.
636 3098 785 3132 XXXV.
894 3097 1021 3132 XVIII.
1097 3086 1099 3099 ²
1152 3097 1362 3131 LXXXVII.

370 3167 372 3171 ι
386 3198 611 3234 LXXXVIII.
637 3198 801 3233 XXXVI.
893 3197 987 3231 XIX.
1043 3175 1058 3183 l
1151 3176 1378 3232 LXXXVIII.
1452 3197 1492 3236 A
1504 3196 1537 3236 B
1547 3196 1591 3237 R
1603 3196 1641 3235 A
1654 3196 1698 3236 H
1711 3195 1748 3235 A
1760 3194 1811 3235 M
1832 3207 1880 3234 ex
1891 3193 2030 3233 ancilla
2047 3193 2156 3250 Agar
2173 3191 2303 3249 genuit

1509 3251 1717 3292 Ismaelem
1736 3267 1742 3291 :
1765 3252 1786 3290 ἐι
1804 3264 1886 3304 quo
1903 3250 2188 3306 Ismaelitarlum
2200 3260 2300 3306 gens,

364 3330 370 3336 ·
388 3295 582 3330 LXXXIX·
638 3297 817 3331 XXXVII·
893 3297 970 3329 XX·
1151 3295 1344 3331 LXXXIX·
1506 3309 1575 3361 qui
1587 3307 1721 3362 postea
1733 3307 1929 3362 Agareni,
1946 3306 2097 3348 deinde
2114 3303 2302 3348 sarraceni

388 3390 463 3428 XC.
639 3395 834 3429 XXXVIII.
892 3396 984 3430 XXI.
1148 3392 1224 3425 Xc.
1512 3363 1619 3405 dieti.

642 3484 680 3524 A
692 3482 734 3525 R
745 3483 764 3524 1
775 3482 819 3522 U
829 3484 866 3524 S.
1446 3477 1696 3533 *Assyriorum
1708 3488 1868 3534 quartus
1879 3480 1916 3520 A
1930 3478 1970 3521 R
1980 3478 2000 3519 I
2010 3475 2055 3517 U
2067 3477 2092 3519 S
2114 3491 2204 3518 ann.
2225 3474 2299 3522 ἷῖκ,

386 3539 478 3589 XCI.
621 3553 624 3576 I
641 3540 665 3573 I.
692 3572 701 3584 χ
891 3540 1000 3575 XXII.
1147 3539 1238 3574 XCI.
1671 3554 1673 3558 -

2150 3594 2298 3632 HEBII.
