2366 4040
608 280 900 343 Illustresque
918 277 1114 324 animas?
1133 287 1213 317 cur
1224 287 1459 335 nunquam
1471 267 1708 334 Delphica
1721 287 1873 337 rupes,

609 356 708 400 Aut
723 349 937 397 volucres
951 343 1152 395 Dodona
1170 352 1259 388 tuae
1271 377 1283 400 ,
1315 339 1552 403 Clariique
1569 339 1763 388 vetustas

609 419 843 476 NuminiS,
865 415 1024 463 Ismeni
1039 408 1112 456 vel
1128 410 1207 474 qui
1221 409 1470 458 bacchatur
1485 407 1542 455 ad
1557 408 1696 456 undas

607 484 846 550 Responso
870 483 1028 544 juvere
1049 476 1131 526 suo
1161 481 1177 524 ?
1216 479 1494 544 Xanthique
1519 477 1669 526 beatae

609 554 861 618 Explorata
876 548 1004 606 fides,
1023 546 1243 612 siccaeque
1263 546 1494 595 habitator
1509 564 1656 597 arenae

608 625 671 670 Et
683 621 837 668 frustra
852 619 1035 682 genitor
1055 615 1218 667 Pellaeo
1233 617 1435 665 creditus
1446 620 1648 667 Ammon
1668 620 1687 664 ?

607 695 706 738 Cur
730 704 824 733 non
849 685 1080 752 ambiguas
1101 684 1317 732 miserunt
1339 686 1523 733 numina
1551 684 1714 744 sortes,

605 759 855 819 Tantaque
875 769 966 801 tam
991 754 1143 818 longis
1168 752 1318 815 jacuit
1330 751 1537 815 depreffa
1550 755 1750 803 tenebris

604 823 814 888 Relligio
838 828 854 869 ?
877 824 1032 870 nostro
1052 857 1064 877 ‚
1080 822 1262 881 superi,
1283 837 1362 864 cur
1379 816 1578 866 redditis
1600 837 1698 866 aevo

607 892 754 949 Quod
775 886 1178 939 mundusnescivit
1193 885 1374 932 adhuc?
1401 902 1480 931 cur
1496 885 1658 934 saecula
1671 887 1834 935 cunflia

609 958 708 1026 Jam
723 958 928 1006 tenebris
943 956 1156 1003 damnata
1171 953 1280 1013 suis,
1310 953 1564 1000 conceditis
1577 955 1672 1013 uni,
1696 991 1699 993 -
1730 1012 1733 1014 ‚

610 1031 731 1096 Quo
747 1025 899 1075 nullus
912 1025 1092 1072 virtutis
1104 1024 1283 1071 honos?
1302 1040 1395 1086 quo
1409 1035 1621 1086 tempora
1633 1022 1801 1070 desunt

611 1095 801 1146 Artibus
815 1133 829 1157 ,
853 1097 900 1144 ὃς
922 1091 1069 1141 solum
1085 1092 1261 1141 faciunt
1273 1089 1336 1139 nil
1352 1090 1460 1137 scire
1472 1089 1693 1139 beatum?
1730 1124 1738 1130 ,

681 1168 770 1212 Seu
792 1178 839 1211 te
851 1161 1154 1227 Triptolemi,
1171 1160 1247 1209 seu
1263 1173 1308 1207 te
1323 1160 1590 1225 Gangetica
1604 1161 1738 1208 vexit

611 1233 769 1282 Bellua
785 1270 800 1292 ,
813 1233 891 1281 seu
908 1243 1062 1279 totum
1076 1229 1261 1296 Cybele
1274 1228 1544 1277 circuntulit
1559 1229 1745 1291 orbem,

611 1307 714 1350 Aut
729 1320 824 1368 quo
840 1300 1158 1364 Bellerophon
1169 1299 1399 1365 sapientes
1417 1298 1627 1363 prodidit
1639 1299 1783 1346 undas

612 1374 765 1420 Nixus
782 1371 949 1418 humo:
975 1368 1266 1433 Phoebusque
1286 1369 1385 1415 suas
1401 1366 1482 1413 tibi
1499 1365 1687 1413 fle&ere
1703 1364 1789 1412 soli

614 1445 741 1501 Quas
758 1439 880 1487 male
891 1438 1101 1488 fraenarat
1117 1438 1321 1486 Phaeton
1335 1435 1551 1484 conceffit
1565 1434 1782 1496 habenas,

612 1511 945 1574 Endymioneae
971 1506 1049 1554 seu
1073 1521 1119 1555 te
1140 1507 1376 1556 dementia
1398 1505 1541 1554 Lunae

611 1578 858 1643 Cepit‚-&
877 1575 1070 1625 occulto
1095 1576 1298 1643 sopitum
1323 1575 1539 1624 condidit
1562 1589 1726 1631 antro3

611 1648 850 1696 Haeremus
876 1649 1012 1696 taciti.
1045 1647 1222 1694 virtutis
1245 1646 1440 1695 maxima
1458 1645 1617 1694 nostrae

613 1716 731 1763 Laus
748 1717 934 1783 angusta
946 1716 1031 1764 tibi
1049 1735 1059 1762 :
1079 1715 1239 1782 stupor
1253 1716 1320 1764 est
1331 1733 1425 1782 quo
1439 1733 1604 1782 magna
1616 1714 1837 1764 coluntur

613 1786 833 1835 Numina.
877 1788 949 1835 Sic
959 1785 1096 1834 taedas
1109 1803 1213 1835 cum
1226 1786 1410 1853 mystica
1427 1785 1563 1848 ja&at
1578 1784 1771 1846 Eleusis,
1843 1838 1847 1843 ⁵

613 1855 774 1903 Haeret
794 1857 839 1904 in
861 1855 1084 1923 ambiguo
1105 1856 1270 1922 populi
1287 1873 1387 1922 pars
1408 1873 1495 1904 una
1508 1856 1700 1915 tuentis,

613 1922 889 1988 Cun&aque
909 1927 1117 1971 miratur.
1153 1924 1286 1983 juvat
1307 1927 1572 1988 ignorantia
1598 1927 1716 1980 veri,

610 1991 675 2039 Et
687 1992 791 2038 satis
807 1992 872 2039 est
889 1991 1080 2038 horrere
1096 1991 1279 2037 Deum:
1300 1990 1537 2051 pietasque
1554 2005 1733 2046 pavore

613 2057 796 2104 Crescit
816 2058 861 2100 &
885 2055 1050 2117 ignaris
1064 2052 1270 2113 majestas
1283 2050 1514 2099 mentibus
1531 2048 1688 2097 haeret.

613 2129 714 2169 Aut
730 2121 810 2185 ubi
824 2119 1225 2184 quaesitum·toties
1245 2158 1260 2180 ,
1280 2119 1510 2183 totiesque
1527 2131 1767 2183 repertum

569 2241 572 2246 ,
612 2188 999 2257 Linigerinstanti
1024 2187 1207 2254 populo
1229 2188 1509 2236 demonstrat
1527 2186 1705 2247 Osirin,

614 2259 913 2324 Conditaque
929 2258 1065 2305 insani
1086 2257 1327 2306 deducunt
1341 2259 1470 2326 orgia
1485 2258 1659 2323 mystae,·

614 2328 752 2376 Plebs
765 2328 916 2375 credit
928 2325 1058 2392 quod
1072 2326 1211 2375 nescit
1223 2327 1378 2375 adhuc
1396 2346 1405 2373 :
1424 2327 1576 2391 stupet
1590 2325 1728 2375 inscia
1742 2325 1891 2389 turba,

616 2400 678 2446 Et
696 2399 843 2462 pietas
862 2413 1007 2444 caecos
1028 2397 1184 2444 animis
1204 2396 1391 2445 instillat
1415 2397 1632 2445 honores,

687 2471 803 2526 Qae
820 2466 902 2513 tibi
916 2483 1018 2514 nam
1030 2464 1192 2514 nostrae
1205 2466 1475 2531 persolvant
1486 2467 1670 2532 praemia
1680 2464 1860 2513 Musae?

620 2539 736 2594 Qae
750 2553 920 2584 merces
932 2534 997 2584 sat
1008 2552 1170 2602 magna
1185 2536 1271 2584 tibi
1282 2535 1348 2584 est
1363 2541 1379 2583 ?
1392 2555 1490 2603 quae
1503 2537 1701 2585 carmina
1713 2536 1834 2583 curis

618 2604 731 2652 Non
755 2605 940 2672 indigna
965 2607 1080 2652 tuis?
1101 2604 1197 2652 aliis
1219 2605 1440 2654 diuturna
1462 2619 1686 2674 petuntur

617 2675 844 2735 Nomina,
874 2687 1092 2722 venturos
1116 2676 1237 2721 inter
1258 2675 1461 2721 mansura
1481 2688 1700 2735 nepotes,

619 2743 679 2789 Et
693 2742 924 2809 longaevus
937 2742 1108 2790 honos:
1133 2742 1350 2806 quicquid
1362 2740 1446 2787 tibi
1460 2738 1657 2786 reddere
1669 2734 1821 2802 poflit,

619 2814 665 2857 A
694 2824 741 2857 te
762 2826 945 2875 tempus
968 2809 1123 2856 habet.
1147 2821 1227 2854 tua
1252 2808 1447 2855 mundus
1464 2805 1623 2857 saecula
1637 2807 1801 2866 currit,
1838 2811 1841 2813 ’

620 2882 666 2925 Α
690 2892 737 2926 te
763 2879 1044 2943 principium
1066 2877 1292 2923 venientis
1311 2875 1526 2923 ducimus
1549 2876 1655 2931 aevi,-

619 2947 780 2995 Proles
796 2965 902 2998 vera
916 2946 1091 2995 Deum.
1136 2945 1375 3010 Quicquid
1391 2944 1587 2993 mortale
1603 2957 1810 2993 tenemus

620 3017 803 3081 Eripuit
822 3029 977 3063 natura
1002 3013 1101 3061 tibi.
1144 3031 1237 3061 non
1262 3031 1426 3061 munus
1449 3014 1614 3075 Iacchi,

620 3085 734 3131 Non
749 3085 942 3132 Veneris
954 3083 1093 3150 fregit
1108 3096 1263 3130 natam
1281 3082 1337 3130 ad
1351 3082 1551 3132 coelestia
1562 3095 1784 3143 mentem,

621 3151 931 3218 Submisitque
952 3152 1034 3200 tibi
1056 3152 1239 3218 pavidus
1262 3151 1340 3200 sua
1362 3152 1453 3200 tela
1474 3152 1684 3216 Cupido,

619 3220 836 3287 Indignus
858 3225 1026 3270 virtute
1053 3235 1131 3268 tua
1147 3261 1159 3281 ,
1180 3220 1261 3268 nisi
1279 3219 1461 3285 Jupiter
1484 3220 1579 3268 illic

622 3288 777 3346 Esset,
804 3290 849 3335 ὃς
872 3291 1043 3356 ignavis
1063 3289 1283 3338 ceffiffent
1304 3288 1494 3336 fulmina
1513 3288 1629 3346 telis,

625 3360 740 3414 Qae
765 3357 933 3405 ceffere
959 3358 1055 3406 tibi.
1096 3376 1186 3405 non
1213 3357 1366 3405 dulcia
1382 3358 1574 3407 monstra
1592 3355 1773 3422 puellae,

625 3423 814 3471 Imbelli
840 3425 1006 3473 dubios
1030 3427 1266 3493 fregerunt
1287 3425 1461 3475 lumine
1482 3427 1644 3485 sensus,

624 3494 687 3539 Et
711 3493 1057 3559 consanguineae
1078 3495 1316 3544 certissima
1336 3499 1492 3544 mortis
1513 3498 1663 3560 imago

627 3563 818 3609 Somnus
835 3563 982 3623 iuer-5,
1006 3565 1104 3612 vitae
1132 3583 1235 3630 pars
1254 3565 1530 3630 ignavissima
1550 3563 1723 3611 nostrae.

629 3631 707 3693 Sic,
727 3628 809 3675 tibi
832 3648 917 3677 nec
944 3644 1130 3696 torpor,
1154 3652 1237 3682 nec
1260 3632 1486 3681 desidiosa
1508 3631 1722 3696 voluptas

628 3696 922 3762 Propositum
944 3699 1178 3764 suspendit
1198 3720 1314 3767 opus
1331 3738 1346 3762 ,
1371 3702 1643 3766 nullumque
1668 3698 1844 3749 vacavit

2113 3730 2253 3777 Tem-
