2366 4040
629 244 1467 299 CHRONI'CoNff

189 349 273 378 rum
283 365 294 383 ,
309 334 543 375 Athanarico
556 344 644 384 rege
653 330 723 370 suo
733 328 934 375 defund‘m,
944 328 1027 369 Ro-

189 405 307 433 mano
326 390 401 430 sese
420 390 582 442 imperio
600 387 726 426 dedit.
747 383 883 425 Mense
904 383 1027 447 Gero-

190 448 250 488 bri
260 445 442 486 Damasus
451 445 638 485 Romana:
648 441 816 482 ecclefiae
827 469 838 488 ,
853 451 1029 493 exceptis

189 502 349 543 Liberio
361 500 438 542 &F
439 499 558 545 elice,
579 511 699 537 xxxv.
721 496 947 549 episcopus,
967 509 1030 536 an-

191 573 245 598 no
257 555 504 611 pontificatus
515 553 571 594 sui
583 566 656 593 xvr
667 567 716 592 11.
732 553 773 592 in
787 551 961 592 Domino
972 566 1027 591 re-

193 622 357 667 quievit.

195 715 788 758 ,INDICTIONE.
845 711 930 752 XI.

262 796 473 838 Merobaude
487 811 503 837 1
515 810 546 837 1.
558 799 603 845 &v
611 800 801 837 Saturnino
811 795 895 851 Coss.=

136 886 326 927 Romanae
347 885 519 926 ecclefiae
537 885 692 926 Siricius
710 897 859 925 xxxvr.
879 884 1033 924 antistes

186 940 313 982 fafitus
326 971 338 991 ‚
347 942 445 982 vixit
456 955 579 982 annos
588 956 653 982 xv.
665 938 881 980 Archadius
890 940 911 979 a
923 951 1033 993 patre

188 999 259 1038 suo
270 996 507 1037 Theodofio
518 997 615 1049 Aug.
640 996 798 1036 consors
817 996 972 1048 imperii
982 995 1032 1034 se-

190 1054 320 1106 ptimo
340 1053 388 1093 ab
410 1053 502 1093 urbe
527 1053 707 1101 milliario
729 1061 939 1112 coronatus
962 1050 1031 1093 est.

159 1112 164 1117 ⁴
189 1108 501 1160 Gratianusimp.
531 1108 699 1147 Maximi
718 1116 869 1167 tyranni
886 1105 985 1146 dolo
996 1120 1033 1145 a·

189 1164 274 1216 pud
283 1163 523 1216 Lugdunum
539 1162 688 1202 occisus
697 1161 752 1202 est
763 1174 856 1201 vin.
868 1161 952 1203 Cal.
968 1161 1034 1201 Se-

190 1218 391 1272 ptembris.
817 1228 820 1231 ’

230 1321 369 1361 IND
410 1334 765 1361 ICTIONE
826 1320 942 1362 XII.

326 1405 523 1448 Richomere
532 1406 576 1453 ὠ
586 1404 747 1447 clearcho
758 1406 842 1461 COff

133 1496 270 1551 Legati
291 1494 490 1536 Persarum
510 1495 906 1557 Constantinopolim
916 1492 1036 1533 adve-

186 1561 331 1610 nerunt
341 1564 476 1604 pacem
486 1552 507 1592 a
528 1550 763 1591 Theodofio
777 1562 954 1611 prmcipe
965 1561 1036 1643 pq:

185 1606 1036 1705 {Efflffigaffi‘fiiessztzinzffizfilissz'{1¹55

189 1716 368 1771 ptembri.

223 1800 751 1881 IND1cT1onNiE
811 1819 960 1861 XIII.

349 1903 525 1944 Archadio
538 1905 581 1951 όν
597 1912 746 1944 Bautone
755 1901 839 1957 Coffi

139 1990 392 2034 Theodofius
401 1992 502 2044 Imp.
521 1991 738 2044 aliquantas
749 1990 851 2031 ans
861 1991 1040 2032 nationes

193 2062 265 2102 per
285 2046 434 2101 legatos
457 2047 526 2086 suo
546 2058 589 2086 ut
607 2058 704 2099 pote
725 2047 894 2099 imperio
910 2045 1038 2087 subdi-

190 2104 267 2169 dit..

223 2205 754 2248 INDICTIONE
813 2204 950 2248 XIV.

301 2293 446 2330 Honorio
458 2288 584 2342 Caefizre
596 2290 640 2336 (θ’
662 2288 790 2330 Euodio
800 2288 884 2344 Coff

143 2373 313 2415 Invasam
326 2378 511 2430 princeps
525 2375 779 2422 Theodosius
796 2378 844 2418 ab
866 2377 1040 2420 hostibus

197 2429 403 2472 Thraciam
414 2432 852 2486 vindicavit,vi&orque
863 2447 954 2473 cum
967 2438 1038 2474 Ar-

197 2483 434 2527 chadio'filio
450 2487 519 2528 suo
531 2486 668 2528 urbem
679 2488 864 2541 ingressus
875 2489 1039 2530 est.Gal-

196 2541 234 2580 la
242 2540 461 2583 Theodosii
471 2543 572 2596 regis
590 2543 708 2582 altera
718 2557 818 2583 uxor
831 2545 888 2583 his
899 2545 1038 2586 consu-

194 2594 293 2636 libus
306 2597 697 2650 Constantinopolim
707 2600 827 2649 venit.

240 2700 775 2741 INDICTIONE
837 2699 941 2741 XV.

267 2785 504 2826 Valentiniano
516 2799 531 2825 1
542 2798 556 2824 1
564 2788 641 2833 L&
649 2788 812 2838 Eutropio
823 2783 907 2838 Coff.

141 2867 355 2910 Archadius
367 2872 493 2912 Caesar
502 2887 590 2913 cum
602 2886 708 2926 patre
722 2872 791 2912 suo
802 2871 1035 2913 Theodofio

197 2923 261 2962 sua
272 2926 580 2978 quinquennalia
599 2929 820 2968 celebravit.
841 2927 1035 2968 Theodo-

196 2978 269 3018 sius
291 2980 462 3032 Magnus
483 2981 632 3021 Italiam
652 2996 792 3023 contra
812 2983 1033 3025 Maximum

196 3045 403 3086 tyrannum
416 3047 656 3087 pugnaturus
669 3038 831 3077 accessit.

275 3137 804 3180 INn1cr10NE
863 3142 896 3181 I.

202 3221 206 3224 ⁴
253 3219 430 3273 Theodosto
442 3228 532 3278 Aug.
552 3237 567 3262 1
579 3237 608 3262 1.
621 3225 666 3271 d„
677 3229 818 3280 Cynegia
829 3234 854 3265 C
856 3225 912 3280 off

139 3304 441 3350 Valentinianus
460 3310 639 3352 Gratiani
653 3311 767 3352 frater
788 3317 825 3353 δε
837 3312 1031 3353 Theodo-

193 3360 266 3401 ssus
276 3362 374 3415 Imp.
397 3364 615 3406 Maximum
626 3378 828 3421 tyrannum
843 3374 880 3409 δ(
894 3369 1033 3411 Viuo-

193 3430 275 3457 rem
297 3418 420 3459 filium
440 3422 519 3472 ejus
536 3424 645 3475 apud
664 3425 889 3477 Aquileiam
903 3425 1030 3466 'rebel-

190 3472 333 3514 lantem
354 3478 544 3517 vicerunt.
574 3477 861 3531 Andragathius
883 3481 1030 3520 Comes

194 3539 320 3569 morte
344 3531 511 3574 Maximi
530 3535 688 3587 cognita
707 3537 946 3590 praecipitem
955 3535 1030 3576 sese

1923 273 1970 313 35

1122 331 1143 369 ὲ
1160 329 1251 369 navi
1269 329 1308 368 in
1330 330 1453 370 undas
1474 328 1586 369 dedit
1603 343 1647 369 ac
1667 329 1878 372 suffocatus
1898 333 1967 372 est.

1781 437 1844 476 ΙΙ,

1184 433 1205 472 I
1236 448 1265 473 N
1298 448 1325 473 D
1356 448 1371 473 Ι
1405 448 1427 472 c
1460 447 1484 472 T
1516 448 1532 473 1
1565 447 1590 472 ο
1622 449 1651 474 N
1687 449 1720 475 E.

1294 517 1437 570 Timzsso
1447 519 1491 566 ἆυ
1508 527 1662 576 Promoto
1669 529 1701 559 C
1699 518 1755 574 Off

1073 601 1327 644 Theodofius
1353 606 1449 657 Imp.
1473 620 1563 646 cum
1587 607 1775 647 Honorio
1803 609 1887 649 filio
1906 610 1975 650 suo

1130 658 1299 698 Romam
1310 661 1566 714 mensejunio
1587 664 1789 711 introivit,
1814 667 1978 719 congia-

1130 715 1228 753 rium
1248 714 1435 755 Romano
1449 720 1602 768 populo
1622 719 1781 768 tribuit,
1802 721 1978 775 urbe'que

1132 770 1298 822 egrelsus
1316 771 1373 810 est
1393 772 1480 810 Cal.
1502 771 1850 824 Septembris..Per
1874 778 1980 817 idem

1128 836 1283 876 tempus
1303 827 1455 878 grando
1487 829 1681 879 crepitans
1709 844 1779 883 per
1813 832 1978 873 biduum

1130 881 1364 919 continuum
1376 894 1449 932 pro
1462 882 1596 932 pluvia
1614 887 1776 933 cecidit,
1790 901 1981 940 pecorum

1131 934 1392 987 arborumque
1403 937 1612 986 pernicies.
1638 940 1756 980 Stella
1778 945 1799 981 a
1819 942 1982 996 Septen-

1130 990 1259 1028 trione
1283 989 1485 1042 gallicinio
1499 991 1677 1043 surgens,
1699 1000 1733 1034 Ex
1751 998 1790 1035 in
1816 999 1981 1039 modum

1130 1041 1308 1083 Luciferi
1326 1046 1464 1085 ardens
1488 1050 1620 1099 porius
1637 1051 1756 1103 quam
1778 1051 1983 1103 splendens

1131 1101 1310 1152 apparuit
1321 1128 1333 1147 ,
1353 1101 1538 1142 vicesimo
1548 1103 1658 1145 sexto
1671 1107 1736 1146 die
1748 1106 1822 1153 efle
1831 1108 1982 1149 delivit.

1131 1154 1345 1209 Templum
1366 1155 1559 1210 Serapidis
1579 1163 1684 1213 apud
1707 1163 1983 1206 Alexandriam

1133 1209 1358 1251 Theodosul
1369 1212 1460 1265 imp.
1475 1214 1607 1255 edffio
1621 1216 1789 1258 solutum
1803 1219 1869 1261 cst.

1191 1316 1716 1363 IND1ciroNE
1777 1324 1871 1364 III.

1164 1402 1402 1445 Valentiniano
1414 1414 1504 1463 Aug.
1521 1422 1576 1448 IV.
1592 1409 1636 1455 ὠ
1646 1415 1805 1451 Neoterz'o
1818 1412 1902 1467 φῇ]

1078 1489 1241 1544 Signum
1253 1494 1294 1533 in
1305 1495 1411 1535 coelo
1424 1495 1529 1549 quali
1549 1497 1638 1537 colu
1648 1513 1734 1538 mna
1747 1502 1920 1553 pendens
1929 1516 1988 1541 ar-

1132 1549 1306 1603 densque
1330 1564 1398 1603 per
1428 1554 1514 1593 dies
1534 1560 1627 1592 x'xx.
1651 1559 1842 1607 apparuit.
1872 1558 1988 1597 Galla

1132 1603 1356 1646 Theodolii
1376 1621 1476 1647 uxor
1495 1607 1773 1651 zib-Archadio
1803 1614 1990 1666 privigno

1134 1660 1205 1699 suo
1219 1663 1341 1710 ejesta
1354 1663 1420 1702 est.
1447 1663 1656 1705 Obeliscus
1669 1667 1706 1705 in
1721 1669 1829 1707 circo
1842 1669 1989 1720 pofitus

1133 1715 1200 1755 est.
1215 1719 1402 1758 columna
1415 1717 1520 1758 haud
1536 1720 1655 1774 longe
1665 1721 1711 1760 ab
1722 1724 1881 1764 ecclesia
1893 1739 1989 1764 con-

1133 1770 1268 1811 stituta
1297 1773 1375 1820 est,
1398 1787 1487 1826 quae
1514 1788 1736 1829 argenteam
1766 1780 1989 1821 Theodofii

1134 1825 1278 1920 hilagni
1298 1826 1461 1869 statuam
1470 1827 1595 1871 ferens
1606 1829 1790 1874 ha&enus
1808 1848 1989 1877 contem-

1132 1893 1159 1933 p
1177 1893 1272 1922 atur.

1190 1985 1726 2030 INDICTIONE
1787 1993 1874 2035 IV.

1280 2079 1316 2111 T
1309 2077 1425 2113 atiano
1440 2076 1485 2122 (ἦν
1493 2075 1693 2129 Symmacho
1704 2079 1789 2133 Cff

1081 2156 1334 2199 Theodosius
1345 2154 1443 2214 Imp.
1457 2161 1569 2202 Italia
1581 2163 1782 2209 decedens
1795 2170 1990 2212 Constan-

1132 2214 1346 2266 tinopolim
1357 2219 1553 2257 remeavit.
1570 2218 1876 2268 Valentinianus
1888 2226 1986 2280 Imp.

1134 2270 1242 2321 apud
1256 2269 1451 2311 Viennam
1466 2273 1563 2311 dolo
1577 2273 1801 2330 Arbogastis
1816 2282 1987 2334 strangu-

1134 2324 1233 2363 latus
1245 2325 1390 2367 interiit
1402 2327 1500 2367 Idib.
1517 2329 1683 2371 Martiis.
1704 2335 1903 2389 Eugenius
1917 2332 1988 2377 Ar-

1136 2379 1304 2432 bogastis
1329 2381 1465 2422 favore
1482 2383 1650 2426 confisus
1668 2390 1875 2443 imperium
1902 2392 1986 2433 fibi-

1138 2447 1217 2474 met
1229 2434 1434 2491 usurpavit.

1212 2538 1741 2589 IancTIONE
1805 2550 1853 2592 V,

1274 2623 1448 2666 Archadio
1462 2644 1511 2670 11.
1523 2635 1567 2678 ὠ
1578 2636 1698 2686 Rufino
1712 2634 1796 2688 Cossi

1079 2706 1319 2761 Arbogastes
1348 2713 1632 2758 Valentiniano
1656 2721 1753 2774 imp.
1784 2725 1982 2778 esuriero,

1134 2769 1171 2803 δε
1184 2766 1360 2817 Eugenio
1372 2769 1521 2810 Caesare
1541 2772 1644 2814 fad-0
1657 2805 1667 2821 ,
1693 2778 1911 2821 innumeras
1925 2784 1982 2823 in-

1133 2820 1332 2875 vi&alq11e
1344 2826 1479 2877 copias
1490 2830 1665 2883 undique
1677 2833 1714 2869 in
1729 2833 1875 2876 Gallias
1887 2851 1981 2878 con-

1133 2876 1250 2915 traxit
1261 2907 1272 2922 ,
1293 2878 1553 2922 Occidentale
1566 2887 1771 2938 imperium
1787 2902 1925 2942 utpote
1939 2893 1981 2933 fi-

1134 2930 1174 2970 bi
1185 2932 1464 2983 vindicaturus,
1475 2940 1721 2981 virbarbarus
1732 2946 1978 2993 animo,con-

1133 2985 1352 3032 fili0‚manu
1366 3018 1376 3037 ,
1388 2994 1549 3032 audacia
1562 3024 1573 3042 ,
1599 3000 1857 3053 potentiaque
1867 3005 1980 3044 nimi-

1132 3055 1190 3081 us.
1208 3043 1417 3085 Contraxit
1427 3059 1556 3088 autem
1571 3054 1749 3106 undique
1761 3057 1980 3101 innumeras

1133 3098 1289 3149 copias,
1315 3102 1381 3139 vel
1396 3101 1669 3146 Romanorum
1691 3111 1892 3161 praesidiis,
1916 3117 1978 3156 vel

1131 3150 1386 3193 Barbarorum
1419 3159 1572 3200 auxiliis
1593 3190 1604 3208 ,
1633 3165 1724 3203 alibi
1754 3169 1944 3218 potestate
1964 3200 1977 3219 ,

1130 3207 1222 3246 alibi
1235 3214 1473 3262 cognatione
1486 3213 1674 3259 subnixus.
1709 3220 1849 3276 Usque
1871 3225 1976 3266 hunc

1129 3274 1242 3301 x1111.
1284 3265 1507 3308 Theodosii
1527 3272 1680 3326 imperii
1699 3289 1865 3327 annum,
1885 3281 1976 3321 bea-

1129 3328 1187 3357 tus
1201 3318 1470 3373 Hieronymus
1481 3327 1568 3376 post
1577 3329 1836 3374 ascensionem
1851 3337 1898 3376 D.
1914 3336 1973 3377 N.

1124 3372 1213 3425 Jesu
1244 3375 1414 3424 Christi,
1435 3379 1455 3418 a
1475 3380 1592 3421 Petro
1623 3387 1973 3443 Apostoloincipi-

1126 3442 1214 3475 ens,
1239 3432 1326 3470 &in
1343 3431 1586 3488 semetipsum
1601 3440 1796 3490 defluens,
1817 3459 1968 3488 cxxxv.

1126 3484 1299 3525 virorum
1317 3487 1520 3530 illustrium
1537 3495 1791 3537 ecclesiastica
1805 3501 1969 3540 volumi-

1125 3552 1174 3579 na
1191 3539 1406 3597 descripsit,
1425 3548 1535 3641 apug
1551 3549 1750 3593 Bethleem
1773 3557 1967 3607 oppidum

1565 3619 1581 3648 ς
1810 3613 1969 3650 decens<
