2366 4040
151 261 226 302 144
726 233 1677 291 EVUSEBIIPAMPHILI

357 352 525 387 ALEL
592 350 700 384 ssa
786 345 926 379 ,ΜΑο
1261 335 1300 375 C
1358 335 1399 375 O
1457 335 1502 375 N
1559 334 1585 374 S
1643 335 1688 375 U
1749 333 1781 373 L
1842 331 1886 371 U
1946 334 2006 372 XI

341 435 382 468 II.
398 433 402 436 ’
553 430 662 464 XXII.
758 426 871 460 XVII.
972 422 1019 463 N
1021 421 1139 461 aevius
1147 422 1343 463 Comicus
1354 421 1490 462 Uticae
1501 422 1672 464 moritur
1681 421 1813 478 pulsus
1833 420 1970 461 Roma
1980 419 2160 464 fastione
2177 425 2289 467 nobi-

579 528 582 530 Α
1031 477 1144 526 lium,
1156 494 1200 520 ac
1211 480 1322 534 praeci
1326 493 1406 534 pue
1418 479 1590 520 Metelli.

343 534 401 566 111,
553 526 675 561 ><>IIII.
761 521 888 557 >IIJIII.

151 644 198 665 οι.
207 644 222 664 c
230 641 299 666 xiv.
341 632 402 666 IV.
553 622 681 659 XXIV·
759 619 852 653 XIX·
972 622 1135 663 Plautus
1143 637 1193 663 ex
1201 623 1371 665 Vmbria
1381 624 1548 665 Sarsinas
1560 626 1706 666 Romae
1716 603 1885 666 moritur
1896 657 1905 671 ,
1917 623 1987 678 qui
2001 636 2163 679 propter
2173 641 2295 668 anno-
2350 624 2366 679 {j

1032 694 1092 719 nae
1104 679 1383 719 difficultatem
1394 681 1446 719 ad
1458 682 1582 722 molas
1603 683 1802 722 manuaris
1820 682 2009 736 pistorem
2030 681 2066 721 se
2087 683 2295 733 locaverat,
2351 706 2354 725 a

1034 735 1110 783 ibi,
1132 736 1293 789 quoties
1311 736 1360 775 ab
1382 750 1503 789 opere
1514 739 1700 784 vacasset,
1726 738 1893 780 scribere
1912 738 2062 778 fabulas
2079 739 2234 788 solitus,
2254 758 2297 783 ac

343 794 388 827 V·
552 782 667 817 XXV·
762 781 839 815 XX·
1034 792 1222 833 vendere.

554 882 684 916 XXVI·
763 881 858 915 XXI·
969 849 1095 913 Juxta
1104 850 1284 891 Theram
1296 849 1479 905 apparuit
1491 848 1628 912 insula,
1640 863 1902 912 quaetvocatur
1912 853 2056 915 Hiera.-

342 888 402 921 Ἦ·
978 908 1210 948 Antiochus
1222 907 1395 961 Scopam
1413 906 1631 961 superavit,
1654 905 1770 961 Syriae
1790 908 1907 947 urbes
1928 922 2098 962 recepit,
2116 911 2314 965 &Judaeis·

150 999 307 1024 ,mcccxx-
344 985 426 1020 VH.
555 981 702 1017 XXVII·
768 980 876 1014 XXH,
1036 964 1245 1006 voluntate
1255 964 1528 1020 conjungitur.
1573 1002 1579 1007 ,

151 1098 199 1119 οι.
216 1095 329 1116 oxum.
344 1086 439 1121 VIII.
558 1081 720 1116 XXVIII.
770 1080 896 1114 XXIII.
981 1072 1164 1113 Romani
1173 1072 1334 1112 Graecos
1346 1070 1493 1112 liberos
1503 1068 1578 1112 esst:
1588 1069 1781 1124 jusserunt
1803 1087 1811 1111 z
1833 1075 1870 1111 ὃς
1889 1068 2069 1112 universa
2087 1071 2217 1114 Iberia
2234 1076 2306 1117 im·
2356 1086 2359 1103 ÷

1039 1141 1174 1184 perata
1184 1129 1293 1170 fecit.

343 1184 402 1218 IX.
559 1177 690 1214 XXIX.
768 1177 899 1212 XXIV.

344 1283 388 1316 X.
558 1278 674 1313 XXX.
764 1278 882 1313 IXXV.
982 1274 1463 1320 AntiochusIudaeorum
1483 1288 1576 1329 erga
1592 1272 1630 1314 se
1653 1274 1819 1330 cognita
1835 1274 2045 1315 voluntate
2066 1277 2224 1330 magnIs
2243 1291 2309 1317 eos

635 1337 642 1344 ‘
765 1377 766 1383 ¹
1038 1331 1273 1373 muneribus
1290 1331 1435 1380 donat,
1459 1336 1498 1372 ὃς
1515 1346 1587 1386 per
1606 1331 1789 1386 epistolas
1812 1332 1957 1373 crebris
1976 1330 2160 1374 laudibus
2177 1334 2308 1388 prose-

346 1382 405 1415 XI.
560 1377 693 1412 XXXI.
765 1375 899 1464 RXXVI.
1038 1390 1185 1444 quitur.

156 1483 330 1505 0L·C·³‘LV1¹·
347 1481 424 1515 XII.
561 1476 708 1510 XXXII.
769 1475 917 1510 XXVII.
984 1478 1077 1518 Post
1090 1476 1267 1532 praelium
1279 1504 1290 1524 ,
1303 1472 1437 1532 qubin
1447 1476 1736 1531 Thermopylis
1746 1476 1874 1518 vietus
1886 1478 2116 1519 Antiochus
2129 1506 2139 1524 ,
2161 1478 2239 1518 hoc
2251 1479 2308 1519 in-

1040 1546 1100 1575 ter
1109 1535 1326 1575 Romanos
1348 1539 1386 1575 &
1403 1549 1499 1576 eum
1519 1534 1712 1575 convenit
1723 1567 1733 1581 ‚
1754 1547 1800 1575 ut
1817 1535 1926 1575 mille
1940 1536 2091 1577 talenta
2106 1550 2179 1591 per
2188 1550 2311 1577 annos

1042 1591 1214 1649 fingulos
1223 1591 1426 1647 veffigalis
1436 1592 1604 1632 nomine
1620 1592 1679 1632 eiS
1688 1590 1867 1633 solveret.

311 1702 313 1704 q
348 1644 443 1679 ΧῙΠ·
561 1640 724 1674 XXXIII·
758 1637 936 1674 XXVIII·
983 1649 1166 1690 Romani
1177 1648 1321 1688 multas
1332 1648 1511 1689 colonias
1522 1648 1789 1690 deduxerunt.

986 1705 1216 1746 Antiochus
1227 1706 1269 1746 in
1287 1706 1526 1746 Amicitiam
1535 1705 1744 1747 Ptolemaei
1754 1705 1923 1762 egressus
1932 1721 2075 1762 pacem
2094 1721 2187 1747 cum
2198 1721 2247 1746 eo
2257 1707 2310 1747 fa-

1042 1763 1099 1803 cit
1114 1784 1126 1810 3
1147 1767 1185 1802 &
1198 1762 1417 1816 Cleopatra
1425 1761 1505 1803 filia
1517 1762 1583 1802 sua
1593 1776 1716 1803 uxore
1735 1764 1773 1803 ei
1783 1763 1941 1810 tradita,
1952 1765 2060 1804 dotis
2070 1766 2235 1804 nomine
2245 1764 2313 1806 SV-

349 1808 446 1842 XIV·
563 1804 727 1837 XXXIV·
771 1802 898 1836 XXIX·
1041 1820 1153 1863 riam,
1167 1818 1401 1865 Phoenicen,
1417 1818 1646 1864 Samariam,
1659 1819 1916 1872 Iudaeamque
1929 1821 2129 1861 concedit.
2274 1807 2285 1819 Δ

349 1906 418 1939 XV
562 1902 698 1935 XXXV
770 1899 882 1933 XXX·
985 1875 1192 1915 Eumenes
1203 1873 1322 1914 frater
1332 1875 1461 1929 Regis
1479 1874 1629 1921 Attali,
1649 1877 1721 1928 qui
1731 1876 1972 1916 Eumeniam
1984 1879 2025 1916 in
2036 1878 2206 1933 Phrygia
2218 1892 2309 1917 con-

422 1932 429 1938 ’
702 1929 709 1935 ’
1037 1930 1158 1976 didit,
1174 1930 1299 1970 clarus
1312 1930 1493 1971 habetur.

154 2014 329 2036 otcxmn.
347 2004 444 2040 XVI.
559 2001 725 2035 XXXVI.
769 1998 899 2032 XXXI.
983 1981 1192 2029 Secundu's
1215 1987 1315 2027 liber
1336 1988 1662 2028 Maccabaeorum
1684 1989 1792 2043 apud
1811 1989 1968 2030 Iudaeos
1986 1991 2102 2045 hujus
2121 1992 2311 2046 temporis

1036 2045 1144 2101 gesta
1154 2047 1349 2085 continet.

560 2099 758 2141 SELEV-
983 2101 1101 2157 SyrIae
1131 2099 1491 2142 SELEUCUS
1523 2100 1988 2146 PHILOPATOR
2019 2119 2109 2145 ann.
2129 2106 2221 2165 Ξῖ-Χ

560 2156 758 2254 {2³AEss-
794 2228 795 2231 κ

560 2270 762 2324 PATOR

156 2381 333 2403 nneccxxx-
349 2370 462 2406 XVII.
563 2368 587 2401 I.
773 2367 914 2401 XXXII.

354 2489 476 2531 Titus
486 2487 627 2529 Livius
634 2486 944 2544 Tragoediarum
955 2486 1122 2544 scriptor
1133 2490 1258 2531 clarus
1268 2490 1439 2531 habetur
1452 2517 1464 2537 ,
1479 2490 1550 2544 qui
1562 2489 1616 2530 ob
1630 2490 1785 2545 ingenii
1798 2490 1988 2536 meritum
2001 2493 2021 2532 a
2031 2491 2151 2534 Livio
2165 2493 2309 2535 Salina·

414 2558 503 2588 torre
512 2579 522 2593 ‚
547 2545 813 2599 cujusliberos
822 2545 1045 2594 erudiebat,
1058 2546 1243 2588 libertate
1255 2547 1428 2588 donatus
1440 2547 1504 2588 est.

355 2662 486 2697 XVIII·
564 2663 607 2696 lI-
772 2661 934 2696 XXXIII·
985 2665 1129 2718 Qum
1140 2663 1190 2703 ab
1202 2663 1416 2704 Antiocho
1427 2676 1498 2717 per
1507 2662 1659 2719 legatos
1668 2662 1846 2703 Annibal
1858 2661 2129 2718 reposceretur
2140 2698 2149 2712 ,
2165 2666 2230 2705 cui
2241 2665 2277 2706 se
2289 2668 2310 2707 a

792 2762 801 2773 r
1045 2721 1234 2775 Scipione
1263 2720 1390 2761 vietus
1414 2720 1629 2760 sociaverat
1639 2747 1652 2767 ,
1673 2718 1724 2760 ad
1752 2719 1928 2760 Prusiam
1954 2734 2091 2776 regem
2111 2722 2310 2776 Bithynia:

355 2763 446 2797 XIX·
564 2762 622 2796 ΠΙ·
776 2761 935 2796 XXXIV·
1042 2778 1256 2834 transfugit
1273 2794 1281 2818 :
1302 2791 1425 2832 quem
1446 2791 1572 2831 quum
1590 2776 1716 2817 rursus
1727 2791 1798 2831 per
1809 2776 2052 2817 Flaminium
2064 2778 2188 2818 etiam
2199 2778 2249 2818 ab
2261 2794 2310 2820 eo

166 2870 215 2891 or.
233 2869 339 2892 cmx.
355 2864 429 2896 XX·
566 2862 626 2895 [V.
777 2860 919 2894 XXXV‘
1042 2835 1209 2876 Senatus
1219 2846 1431 2890 repeteret,
1442 2848 1568 2887 quum
1581 2833 1798 2874 tradendus
1809 2834 1917 2882 eflet,
1928 2848 2132 2875 venenum
2143 2835 2257 2883 bibit,
2274 2840 2312 2877 &

1047 2892 1156 2946 apud
1168 2892 1371 2947 Libyssam
1383 2891 1580 2945 Bithyniae
1591 2889 1762 2946 sepultus
1774 2890 1840 2948 est.

362 2997 503 3062 Simon
522 3020 748 3084 praepositus
765 3018 935 3075 Templi
953 3017 1286 3074 lerosolymarum
1306 3019 1359 3058 ad
1379 3017 1649 3072 Apollonium
1666 3019 1878 3060 Phoenices
1903 3018 2049 3058 ducem
2071 3018 2311 3074 confugiens
2338 3022 2343 3028 '

416 3078 551 3118 multis
562 3092 600 3118 ei
611 3077 843 3118 muenribus
852 3074 1043 3131 promisfis
1051 3076 1319 3117 sacerdotium
1330 3075 1402 3115 fibi
1412 3074 1615 3116 vindicare
1627 3077 1771 3131 coepit3
1785 3089 1867 3129 quo
1878 3075 2066 3115 Seleucus
2074 3074 2214 3114 audito
2224 3075 2308 3115 He-

417 3134 620 3175 liodorum
629 3135 756 3175 mittit
764 3133 815 3174 ad
826 3134 1038 3190 negotium
1050 3133 1360 3189 pervidendum.
1393 3132 1478 3185 Qi
1490 3146 1616 3185 quum
1626 3134 1669 3174 in
1682 3131 2048 3177 Iudaeam-venisset,
2059 3132 2196 3186 inique
2203 3133 2308 3186 judi-

423 3206 515 3231 cans
527 3220 538 3238 ,
561 3197 598 3232 &
610 3192 734 3232 multa
753 3205 961 3246 perperam
983 3205 1123 3245 gerens
1144 3190 1292 3232 divinis
1301 3189 1507 3230 adversum
1518 3190 1555 3231 se
1577 3190 1695 3245 signis
1712 3190 1934 3230 deterretur
1943 3222 1951 3235 ‚
1975 3193 2013 3228 ὃ(
2027 3188 2079 3228 ad
2099 3189 2309 3230 Seleucum

424 3249 643 3289 revertitur.
675 3249 803 3289 Onias
814 3261 951 3290 autem
963 3247 1155 3290 Sacerdos
1165 3259 1380 3294 curaverat,
1390 3258 1437 3287 ut
1449 3247 1590 3287 Simon
1600 3245 1796 3301 profugus
1804 3245 1925 3287 fieret.

365 3362 461 3396 XXI.
574 3362 620 3395 V.
778 3364 941 3397 XXXVI.

368 3462 478 3495 XXII.
575 3460 635 3495 VI.
783 3462 959 3496 XXXVII.
979 3439 1000 3503 J

366 3561 491 3595 XXIII.
579 3559 651 3593 VII.
774 3559 973 3605 XXXVIII.

2169 3627 2265 3662 ALE
2263 3634 2306 3666 X

2348 407 2351 435 Ι

2324 440 2366 470 ,μ

2352 716 2366 778 1}

2352 772 2366 790 ,I

2354 914 2366 960 {I

2356 965 2366 1049 ἓ
