2366 4040
393 272 516 299 ιω,
710 244 1177 299 CANON‘V'M
1239 250 2030 296 1sAG‘oG100RVM.

449 323 543 370 sent,
553 328 593 364 in
603 323 740 379 quibus
751 324 804 363 est
810 323 897 361 Nic.
908 322 971 362 Co
974 323 1227 375 per11icus‚vir
1235 319 1564 375 praestantiffunus,
1572 321 1665 361 alter
1677 321 1794 361 nostri
1804 324 1872 360 aeui
1882 321 2168 366 Ptolemaeussaex
2179 326 2285 366 cuius'

450 379 646 425 sententia,
660 379 685 418 fi
700 392 820 419 annus
838 377 954 416 ciuilis
971 376 1194 417 formandus
1208 376 1311 421 esset,
1324 380 1405 417 ‘eius
1414 379 1507 416 anni
1521 379 1646 432 cyclus
1661 375 1752 418 esset
1763 378 1955 420 annor'uni
1976 381 2145 427 mcvi,
2155 387 2223 437 qm.
2233 382 2286 422 est

448 436 589 476 modus
602 436 695 491 cycli
712 435 834 474 ultimi
848 436 889 471 in
907 434 1064 473 ‘sabella
1074 433 1277 489 proposita.
1292 432 1400 488 quod
1414 432 1440 472 si
1451 447 1585 473 verum
1597 434 1658 477 est,
1678 446 1764 474 toto
1781 435 1873 474 caelo
1890 447 2013 473 errare
2029 448 2183 488 oportet
2193 465 2204 482 ,
2220 442 2286 493 qui

449 491 694 532 Alfonfinum
709 488 871 529 modum
881 487 1156 544 sequunturde
1163 504 1242 544 quo
1257 490 1388 546 postea
1398 489 1621 530 videbimus.
1654 491 1774 531 Porro
1789 491 1880 530 nulli
1892 490 1987 544 cycli
2000 491 2284 545 tropicisormae

449 552 479 587 ri
499 545 668 604 possunt,
685 550 724 585 in
742 545 878 600 quibus
898 560 980 587 non
995 546 1156 587 adiectio
1172 547 1267 586 sacra
1285 547 1330 587 fit
1341 550 1491 586 numeri
1506 551 1624 585 'cxxrn-x.
1658 548 1763 587 Nam
1780 562 1826 586 ex
1845 559 1978 602 quarta
1993 546 2156 602 periodo
2171 552 2288 603 gemi-

447 617 547 648 nata,
567 603 713 642 adiecto
727 615 890 641 numero
902 607 1031 647 essim,
1049 602 1285 657 producetur
1296 602 1476 658 periodus
1496 606 1614 642 mixta
1627 604 1837 647 BEc‘E'c‘ffiffl,
1873 618 1957 658 quae
1977 608 2015 642 in
2031 604 2288 655 omnibus'an·

446 664 504 698 nis
528 663 638 695 ἰῖᾱῑῖ
647 687 657 702 ,
688 672 808 697 unum
829 658 1016 697 bisextum
1031 663 1203 712 perimet.
1237 660 1293 698 Ex
1307 658 1365 698 his
1380 656 1623 699 manifestum'
1649 658 1702 697 est
1724 663 1900 699 omnium
1920 658 2175 715 periodorum·
2190 660 2290 700 Tro·
2326 700 2327 703 ,

444 719 621 771 picarum
633 714 866 754 methodum
883 727 965 752 non
978 713 1153 757 fortuito,
1175 713 1239 754 sed
1257 714 1555 754 demonstratiue
1566 716 1702 770 colligi.
1720 715 1827 768 quod
1849 716 2006 770 quidem
2021 715 2238 773 ὲνηχεὶξημοι,
2249 718 2290 756 ut

445 772 595 827 elegans
608 772 673 816 est,
683 775 735 810 ita
744 771 892 810 constat
905 784 926 808 a
939 769 1047 812 Lilio,
1065 775 1224 825 quanuis
1239 770 1436 826 ingenioso
1449 774 1547 815 viro,
1561 775 1639 810 eius
1659 770 1840 811 methodi
1853 786 2053 826 nunquam
2066 776 2105 811 in
2117 785 2291 811 mentem

444 826 595 869 veniffe.
610 828 682 867 His
698 825 977 871 animaduersis,
987 826 1151 881 superest
1162 841 1277 870 nunc,
1287 840 1330 867 ut
1338 827 1550 872 videamus,
1563 842 1642 881 quo
1652 840 1717 866 mc
1724 826 1774 867 do
1787 828 1836 867 ad
1847 827 1953 867 usum
1964 828 2170 878 ciuilem,id
2183 828 2235 867 est
2245 827 2293 867 ad

443 883 676 924 methodum
686 884 1036 937 manualem‚quam
1046 884 1169 923 Graeci
1178 879 1312 935 μέθοδον
1320 881 1497 940 wide&
1506 896 1658 926 vocant,
1669 882 1743 921 istae
1754 884 1900 937 periodi
1911 872 2197 925 acffommodari
2207 883 2293 939 pos-

430 939 527 981 fint.
555 941 649 980 Duo
663 938 747 980 sunt
758 952 908 979 tantum
919 940 1036 979 modi.
1072 941 1152 979 Aut
1164 944 1268 980 enim
1280 955 1349 995 per
1356 940 1469 980 lustra
1481 940 1633 981 Iuliana,
1649 951 1713 978 aut
1725 953 1794 993 per
1801 939 1911 995 ipfius
1925 944 2015 979 anni
2026 941 2201 980 rationes.
2221 941 2292 979 Per

442 997 554 1038 lustra
564 997 715 1039 Iuliana,
732 1008 870 1051 quarto
885 1010 1041 1050 quoque
1052 1010 1156 1036 anno
1170 996 1249 1037 dies
1257 997 1513 1039 intercalatur,
1529 995 1636 1050 quod
1651 993 1840 1034 Bisextum
1860 996 1934 1036 dici
1948 1010 2064 1036 nemo
2080 1000 2241 1052 ignorat.
2255 1002 2294 1035 ὃε

418 1087 419 1091 ,
444 1053 532 1110 post
542 1054 690 1108 aliquot
704 1067 826 1093 annos
844 1054 930 1092 oeto
943 1057 1033 1091 anni
1045 1052 1121 1097 sine
1134 1052 1277 1093 bisexto
1289 1052 1609 1093 transmittuntur.
1642 1050 1714 1090 Per
1727 1055 1892 1091 rationes
1906 1056 2085 1093 anninon
2096 1053 2294 1093 intercala-

443 1122 515 1153 tur,
532 1110 750 1165 priusquam
770 1124 816 1149 ex
828 1109 1037 1149 rationibus
1051 1109 1160 1149 modi
1179 1114 1296 1149 annui
1311 1110 1417 1149 horae
1439 1111 1742 1163 vigintiquatuor
1755 1107 1919 1148 colle&ae
1939 1107 2090 1150 fuerint.
2124 1109 2192 1149 Ob
2209 1122 2294 1148 earn

443 1165 608 1207 caussam
622 1180 728 1206 nunc
747 1178 896 1221 quarto,
910 1180 1013 1205 nunc
1027 1170 1164 1220 quinto
1179 1180 1285 1205 anno
1301 1167 1432 1205 exacto
1446 1163 1927 1205 intercalatur-Secundum
1936 1166 2107 1220 priorem
2115 1165 2289 1208 modum,

444 1235 542 1277 quot
555 1222 638 1262 sunt
649 1221 788 1262 bisexta
797 1222 1030 1278 perimenda,
1041 1221 1282 1277 perspicuum
1295 1222 1348 1262 cst
1363 1235 1423 1262 tot
1440 1225 1608 1262 minores
1623 1220 1803 1276 periodos
1821 1220 1893 1261 effe
1903 1249 1913 1266 ‚
1924 1235 2007 1276 quae
2021 1223 2167 1277 aliquot
2182 1222 2293 1276 cyclis

444 1279 634 1321 Solaribus
656 1284 812 1334 integris
826 1279 1020 1322 constant,
1036 1285 1073 1317 &
1085 1293 1163 1318 uno
1176 1279 1412 1334 imperfecto.
1443 1278 1693 1333 Exemplum:
1711 1277 1755 1316 In
1768 1278 1875 1330 cyclo
1889 1279 2082 1318 Sultanico
2103 1291 2296 1317 annorum

443 1339 598 1379 ffe‘ffffis,
620 1339 661 1375 in
675 1351 754 1391 quo
772 1343 790 1371 ῡ
805 1335 945 1375 bisexta
966 1336 1152 1375 tolluntur
1163 1363 1175 1380 ‚
1200 1339 1372 1390 quinque
1389 1334 1538 1391 periodi
1564 1337 1733 1373 minores
1754 1334 1992 1374 instituendae
2016 1333 2101 1374 sunt
2123 1334 2293 1388 aequales,

423 1431 427 1433 .
442 1392 574 1447 quoad
587 1391 666 1431 fieri
679 1392 805 1448 potest
817 1420 828 1436 ‚
852 1405 1016 1446 quatuor
1036 1392 1193 1445 quidem
1220 1406 1411 1432 annorum
1439 1395 1559 1426 c'irxvffi
1583 1390 1734 1443 fingulae
1746 1416 1758 1434 ,
1782 1391 1975 1444 postrema
1993 1405 2083 1431 vero
2104 1404 2297 1430 annorum

440 1452 558 1485 6555*
571 1479 580 1487 .
596 1453 633 1487 δε
647 1449 804 1503 quidem
819 1452 859 1487 in
877 1448 942 1486 128
958 1462 1063 1486 annis
1078 1459 1244 1500 quatuor
1255 1447 1338 1486 sunt
1346 1448 1440 1499 cycli
1455 1446 1604 1485 Solares
1618 1445 1750 1484 Iuliani
1762 1447 1915 1499 integri,
1931 1451 1970 1484 δέ
1991 1451 2146 1500 quintus
2157 1446 2294 1486 incho—

441 1514 525 1542 atus
535 1518 733 1544 annorum
745 1516 896 1543 tantum
906 1511 966 1547 ῆι,
980 1508 1017 1541 in
1037 1507 1141 1542 cuius
1161 1502 1237 1542 fine
1253 1518 1324 1557 pro
1345 1503 1491 1557 duplici
1506 1501 1627 1546 litera,
1647 1504 1753 1556 prior
1766 1502 1925 1554 quidem
1949 1503 2176 1542 attribuetur
2193 1502 2296 1542 sexto

441 1558 598 1602 decimo
612 1574 730 1605 anno,
742 1560 849 1616 poste
855 1564 929 1599 rior
937 1572 1066 1598 autem
1077 1559 1249 1598 ordietur
1260 1560 1411 1613 cyclum
1430 1559 1603 1597 solarem
1613 1557 1803 1609 sequentis
1813 1557 1963 1612 periodi
1977 1559 2298 1600 minoris.Postre-

441 1628 505 1654 ma
517 1616 697 1672 periodus
709 1630 901 1655 annorum
910 1622 971 1664 136
984 1620 1020 1652 ὃζ
1034 1613 1110 1668 ipsa
1121 1629 1277 1669 quoque
1285 1614 1339 1653 est
1348 1615 1547 1667 cyclorum
1560 1613 1746 1652 Solarium
1756 1625 1919 1666 quatuor
1931 1613 2193 1655 absolutorum
2204 1628 2297 1654 cum

442 1683 522 1713 uno
534 1674 758 1727 imperfecto
780 1685 971 1711 annorum
992 1674 1080 1704 ῖᾱῖιῖι
1095 1688 1104 1715 3
1121 1674 1160 1709 in
1185 1676 1291 1711 cuius
1310 1670 1415 1720 calce
1436 1670 1543 1708 litera
1565 1668 1751 1723 posterior
1774 1672 1843 1708 erit
1857 1672 2009 1709 initium
2023 1670 2194 1711 secundae
2213 1685 2295 1710 ma·
2344 1718 2348 1723 ι

441 1741 529 1782 gnae
541 1728 693 1784 periodi
706 1728 903 1768 Sultanicae
913 1726 1173 1766 instaurandae.
1210 1727 1384 1766 Subiecta
1393 1725 1553 1766 Tabella
1566 1725 1619 1764 est
1629 1725 1808 1764 cellarum
1818 1729 1945 1764 trium.
1979 1727 2108 1766 Prima
2116 1732 2156 1766 in
2166 1726 2295 1767 fronte

439 1783 771 1827 habetnumerum
783 1783 1195 1840 periodorum,alatere
1210 1798 1332 1823 annos
1343 1781 1741 1838 periodorumrPrima
1750 1781 1931 1836 periodus
1945 1796 2009 1834 152
2021 1782 2138 1823 habet
2150 1784 2298 1823 literam

441 1841 492 1885 G,
508 1856 592 1896 quae
601 1846 724 1898 prima
737 1841 836 1881 estin
846 1844 970 1896 capite
984 1839 1146 1895 periodi,
1159 1840 1350 1881 bisextum
1363 1853 1497 1886 unum3
1510 1837 1718 1894 periodum
1732 1841 1926 1878 minorem
1944 1840 2099 1882 nullam,
2124 1852 2167 1879 ut
2186 1852 2299 1880 nota-

440 1908 503 1938 tur
511 1902 551 1937 in
560 1897 724 1939 secunda
734 1899 837 1939 cella,
853 1898 979 1946 cyclos
991 1897 1085 1936 Solis
1096 1902 1269 1952 quinque
1281 1901 1465 1952 integros,
1481 1894 1690 1936 duodecim
1700 1908 1824 1934 annos
1838 1894 2003 1936 residuos
2015 1909 2152 1951 praeter
2159 1897 2298 1951 cyclos,

440 1955 569 2009 cyclos
579 1957 673 1996 Solis
683 1960 852 2010 integros
862 1955 954 1994 ahos
962 1955 1104 2000 nullos,
1114 1959 1204 2009 quia
1216 1953 1426 2011 periodum
1441 1965 1597 1994 tantum
1611 1965 1731 1991 unam
1739 1951 1938 1992 habet.Sic
1953 1952 2137 2008 Periodus
2153 1963 2177 1992 6
2180 1953 2232 2002 48
2242 1954 2298 1993 bi-

438 2011 721 2068 sextaquinque
740 2015 908 2068 perimit,
924 2017 961 2050 &
974 2011 1137 2067 proinde
1149 2016 1189 2051 in
1201 2016 1325 2068 prima
1337 2024 1447 2067 parte
1461 2009 1695 2066 assignantur
1711 2012 1745 2048 ei
1756 2012 1929 2064 quinque
1941 2009 2057 2050 literae
2075 2010 2113 2050 G
2124 2010 2153 2049 B
2163 2010 2202 2050 D
2213 2009 2239 2050 F
2249 2011 2295 2054 A.

440 2071 480 2108 in
493 2073 617 2124 prima
628 2071 741 2114 cella,
755 2083 840 2124 quae
853 2067 937 2107 sunt
948 2070 1063 2108 literae
1077 2070 1237 2110 initiales
1255 2072 1457 2109 minorum
1473 2066 1741 2124 periodorum,
1756 2078 1919 2120 quarum
1929 2079 2097 2121 quatuor
2113 2066 2198 2106 sunt
2225 2067 2295 2105 128

440 2138 634 2168 annorum
655 2131 696 2167 in
708 2127 803 2167 cella
816 2125 992 2170 secunda,
1011 2127 1146 2168 ultima
1157 2127 1210 2167 est
1221 2140 1419 2167 annorum
1439 2133 1503 2176 136
1519 2127 1562 2164 in
1575 2122 1713 2164 eadem
1727 2123 1832 2166 cella.
1865 2123 1909 2163 In
1920 2123 2071 2180 singulius
2082 2123 2295 2164 minoribus

1524 2292 1531 2307 ⁸
1680 2278 1773 2336 Cyffh
1792 2283 1849 2337 50'.
1899 2307 1933 2328 ·-'
1961 2279 2012 2336 lC
2035 2300 2074 2334 cli
2088 2303 2147 2335 So·
2226 2313 2258 2331 ηε

1198 2366 1219 2376 ..
1504 2310 1540 2367 “g
1681 2328 1847 2376 lismtegri
1897 2330 1931 2370 -ἓ
1960 2312 2041 2382 'sy-
2143 2352 2147 2356 -
2237 2334 2259 2353 ²⁷

581 2385 595 2407 x
669 2375 694 2406 1⁶1
768 2375 806 2404 ιΤ
846 2376 893 2407 m
952 2375 978 2407 V
1031 2375 1062 2407 ’ἰ
1094 2376 1137 2406 ’Ii
1185 2380 1219 2427 ’Ξ
1247 2369 1270 2438 Ξ
1504 2369 1589 2453 ἐξ
1678 2373 1834 2423 singular-(1
1895 2370 1931 2425 ξ
1982 2360 2148 2445 §gg-{degn
2222 2354 2260 2430 ἐξ

1187 2446 1220 2488 ἕ.
1248 2453 1282 2487 Ξ.
1505 2453 1540 2521 Ξ,
1568 2454 1590 2469 ⁸¹⁴
1676 2425 1803 2520 gggg’g‘
1898 2450 1930 2523 Ξ
1979 2447 2093 2494 poster.
2229 2453 2263 2527 Ξ

391 2594 471 2632 152
554 2577 592 2617 G
1168 2544 1175 2624 Ι
1258 2591 1281 2615 0
1670 2576 1865 2630 anque
1904 2592 1945 2616 12
2005 2594 2030 2617 0
2077 2599 2080 2600 ⁷
2243 2596 2267 2621 0

389 2644 474 2689 276
554 2634 592 2673 G
652 2632 682 2673 F
789 2647 804 2654 ·
1212 2640 1284 2683 136
1519 2641 1592 2678 ¹40
1720 2644 1860 2673 uatuor
1902 2646 1955 2683 24
2004 2634 2198 2689 Qinque
2244 2653 2267 2676 ο

389 2707 474 2743 400
556 2690 594 2730 G
653 2690 695 2730 D
753 2689 789 2728 A
1211 2702 1282 2740 132
1310 2685 1367 2726 bis
1525 2692 1594 2735 136
1719 2699 1856 2729 uatuor
1899 2704 1950 2729 20
2005 2692 2186 2746 Qtuor
2216 2707 2268 2742 24

392 2748 481 2803 524
557 2747 595 2786 G
653 2746 697 2785 D
755 2746 789 2783 A
848 2745 879 2784 E
1212 2758 1282 2796 132
1312 2756 1370 2783 ter
1522 2743 1591 2781 128
1673 2745 1855 2799 Qatuor
1896 2760 1946 2787 20
2055 2760 2190 2788 uatuor
2225 2758 2269 2789 16

391 2806 477 2854 648
547 2798 596 2842 ‘G
654 2802 684 2841 B
743 2801 784 2840 D
843 2800 872 2839 F
930 2801 968 2839 A
1215 2802 1283 2842 128
1314 2809 1450 2854 quater
1526 2807 1594 2848 136
1717 2813 1853 2841 uatuor
1894 2811 1938 2842 16
2003 2800 2186 2858 Qtuor
2215 2818 2267 2854 24

390 2875 477 2915 772
559 2859 596 2898 G
657 2859 686 2897 B
744 2857 784 2896 D
844 2856 872 2896 F
930 2857 968 2897 A
1026 2855 1066 2896 G
1215 2857 1289 2899 128,
1317 2858 1517 2910 quinquies
1534 2868 1595 2905 132
1718 2869 1853 2897 uatuor
1894 2866 1939 2897 16
1997 2859 2179 2913 Qtuor
2217 2875 2266 2900 20

393 2920 414 2958 8
424 2926 479 2964 96
559 2915 596 2954 G
656 2915 684 2954 B
743 2913 785 2951 D
844 2913 872 2952 F
930 2914 968 2952 A
1026 2914 1062 2955 C
1121 2913 1152 2953 E
1216 2912 1285 2956 128
1320 2912 1455 2969 septies
1569 2927 1592 2950 0
1718 2926 1853 2953 uatuor
1893 2922 1936 2952 16
1995 2931 2018 2954 0
2245 2933 2268 2956 0

391 3001 931 3022 ——--——-—--—--—-—-

450 3067 618 3131 periodis
633 3070 717 3110 sunt
730 3072 904 3123 quaterni
913 3069 1009 3122 cycli
1027 3069 1218 3109 Solaresin
1232 3067 1325 3109 cella
1351 3072 1475 3112 tertia,
1491 3074 1528 3109 &
1539 3077 1583 3108 16
1592 3062 1682 3108 ann'i
1703 3068 1843 3109 residui
1855 3069 1903 3110 de
1915 3070 2023 3124 cyclo
2033 3075 2172 3127 quinto
2189 3071 2295 3112 Solis.

452 3131 643 3171 Posterior
654 3126 830 3183 periodus
841 3131 968 3165 minor
983 3139 1176 3166 annorum
1194 3133 1259 3175 136
1271 3128 1315 3164 in·
1325 3126 1462 3166 eadem
1478 3130 1588 3165 tertia
1599 3125 1694 3165 cella
1707 3125 1828 3166 habet
1841 3139 2006 3181 quatuor
2018 3129 2142 3183 cyclos
2153 3128 2296 3167 Solares

453 3202 544 3229 cum
558 3200 608 3233 24
626 3187 732 3223 annis
746 3182 895 3222 reliduis
907 3181 955 3222 de
963 3186 1102 3237 quinto
1114 3183 1233 3236 cyclo.
1269 3180 1631 3222 Idcmiudicandum
1645 3181 1694 3221 de
1711 3183 1861 3236 reliquis
1871 3183 2049 3243 periodis.
2064 3183 2213 3223 Tabula
2223 3185 2298 3239 ipsa

458 3258 525 3299 per
534 3244 568 3282 se
578 3243 758 3294 loquitur.
786 3240 838 3278 Vt
850 3252 980 3278 autem
995 3241 1126 3278 omnia
1142 3253 1221 3278 uno
1231 3239 1408 3293 exemplo
1419 3238 1740 3289 demonstrentur,
1754 3238 1851 3278 infra
1867 3239 2090 3280 iubiecimus
2100 3239 2296 3279 Tabellam

456 3304 576 3338 tertiae
588 3295 735 3353 periodi
748 3296 897 3335 annorr‘i
914 3310 967 3344 40
975 3312 1009 3335 0.
1022 3298 1063 3334 in
1073 3309 1147 3349 qua
1160 3298 1304 3350 primus
1315 3294 1436 3335 versus
1447 3295 1501 3334 est
1507 3295 1604 3334 linea
1616 3296 1709 3344 cycli
1723 3296 1859 3334 Solaris
1870 3295 2012 3335 Iuliani.
2020 3285 2295 3336 secundus⁰ver-

457 3356 513 3393 sus
527 3357 702 3393 continet
716 3353 840 3406 cyclos
853 3352 1001 3391 Solare‘s
1016 3363 1182 3407 quatuor
1193 3354 1352 3401 minoris
1365 3350 1512 3407 periodi
1523 3355 1665 3406 ptimae,
1675 3354 1741 3406 qui
1754 3350 1914 3405 quidem.
1927 3365 2091 3406 quatuor
2102 3347 2296 3405 cyclicum

459 3410 684 3463 imperfecto
692 3412 1028 3464 vigintiannorum
1046 3419 1292 3463 componunt
1317 3412 1482 3462 primam
1497 3410 1691 3447 minorem
1703 3407 1909 3463 periodum
1925 3422 2114 3449 annorum
2127 3420 2210 3456 132,
2231 3408 2297 3459 qui

461 3478 641 3506 numerus
661 3470 802 3518 primus
821 3477 978 3518 ponitur
997 3467 1037 3503 in
1054 3463 1181 3504 fronte
1195 3463 1349 3504 secundi
1365 3463 1503 3508 versus,
1521 3476 1589 3519 per
1607 3476 1812 3519 quaternos
1831 3464 1955 3519 cyclos
1972 3466 2113 3527 Soolares
2126 3475 2292 3515 augetur.
2325 3495 2330 3500 .

463 3533 632 3578 quorum
645 3522 797 3560 ultimus
810 3533 900 3568 cum
908 3524 1041 3576 viginti
1060 3524 1169 3560 annis
1180 3520 1276 3575 cycli
1288 3518 1721 3577 imperfe&i‘c0mponit
1743 3519 1950 3561 secundam
1963 3517 2164 3576 periodum
2176 3531 2296 3557 anno—
2340 3541 2343 3545 -

2106 3587 2191 3613 rum
2205 3582 2294 3621 264.
