2366 4040
185 237 257 276 170
746 211 1684 260 EUSEBIIPAMPHILI

406 332 749 379 R0M‚1D0M.
1132 314 1887 358 CONSULUM.

382 421 597 476 Dionyfius
615 419 834 474 Episcopus
859 412 1167 455 Corinthiorum
1188 411 1311 453 clarus
1330 414 1524 460 habetur,
1552 416 1590 452 δε
1608 412 1775 467 Pinytus
1787 410 1990 453 Cretensis
2000 412 2060 452 vir
2080 412 2308 467 eloquentis-

436 478 563 517 fimus.

382 533 761 588 Pseudoprophetia,
774 541 861 580 quae
883 526 920 565 C
934 540 961 565 A
977 539 1001 564 T
1014 540 1040 565 A
1053 541 1074 566 P
1087 541 1114 565 H
1124 541 1155 566 R
1169 542 1193 567 Y
1209 541 1234 566 G
1249 542 1276 567 A
1291 542 1310 567 s
1330 528 1563 568 nominatur
1573 559 1581 572 ,
1596 527 1752 581 accepit
1763 525 1972 567 exordium
1985 525 2142 568 austere
2156 527 2311 572 Monta-

439 605 509 637 no,
523 595 559 629 ὃς
570 587 748 631 Priscilla,
763 582 1065 635 Maximillaque
1077 583 1217 623 insanis
1228 584 1394 624 vatibus.

383 688 456 720 XII.
583 683 782 729 [CLXXIII.
802 680 999 720 Tatianus
1010 679 1216 719 haereticus
1227 678 1452 733 agnoscitur
1465 695 1472 719 :
1485 682 1506 719 ὲ
1516 694 1598 733 quo
1617 681 1651 720 E
1664 696 1693 721 N
1708 695 1730 720 c
1742 695 1773 720 R
1786 696 1813 721 A
1827 695 1851 721 T
1863 695 1878 720 1
1889 697 1913 722 T
1927 696 1976 721 Α,

384 776 621 818 Bardesanes
632 777 790 817 alterius
802 776 987 817 haereseos
998 777 1180 831 princeps
1193 787 1309 815 notus
1326 775 1502 815 efficitur.

383 834 593 886 Oppianus
604 834 712 873 Cilix
723 835 846 875 Poeta
857 833 1124 889 cognoscitur,
1136 833 1206 886 qui
1217 833 1445 872 Halieutica
1459 831 1559 871 miro
1570 829 1778 885 splendore
1790 833 2026 888 conscripsit.

383 890 520 929 Tanta
530 904 598 943 per
610 902 737 930 totam
748 892 888 932 urbem
899 890 1120 946 pestilentia
1132 890 1231 936 fuit,
1245 901 1289 929 ut
1298 903 1402 944 pene
1415 888 1535 943 usque
1546 888 1597 929 ad
1608 888 1926 930 internecionem
1946 892 2157 934 Romanus
2177 895 2326 947 exerc-i<

441 958 504 986 tus
516 948 671 988 deletus
684 948 739 988 sit.

193 1057 221 1072 οι
235 1058 296 1075 ccxx
298 1056 366 1076 11111
381 1044 473 1078 XIII.
500 1038 501 1041 ¹
581 1045 786 1087 {CLXXIV

384 1136 609 1189 Imperator
629 1135 862 1176 Antoninus
884 1135 1015 1175 multis
1026 1134 1230 1175 adversum
1243 1134 1280 1175 se
1293 1134 1542 1174 nascentibus
1555 1132 1665 1174 bellis
1677 1134 1771 1189 saepe
1782 1135 1861 1189 ipse
1873 1135 2059 1176 intererat
2073 1169 2081 1182 ‚
2095 1136 2190 1192 stepe
2203 1137 2323 1179 duces
2350 1129 2351 1133 Ἰ

444 1190 703 1232 nobilissimos
713 1192 943 1240 destinabat,
955 1194 997 1232 in
1006 1193 1149 1245 quibus
1160 1191 1279 1232 semel
1289 1192 1499 1236 Pertinaci,
1514 1194 1552 1229 &
1561 1193 1771 1239 exercitui,
1784 1193 1853 1245 qui
1867 1206 1958 1231 cum
1969 1207 2019 1233 eo
2031 1192 2072 1232 in
2085 1195 2324 1246 Qadorum

443 1250 608 1304 regione
617 1250 821 1305 pugnabat
832 1277 843 1295 ,
865 1249 925 1289 siti
935 1249 1114 1303 oppress'o
1127 1282 1135 1295 ,
1154 1248 1290 1302 pluvia
1310 1248 1502 1287 divinitus
1514 1248 1622 1287 missa
1632 1249 1687 1288 est
1700 1262 1842 1302 :quum
1856 1249 1877 1288 ὲ
1889 1251 2086 1290 contrario
2098 1252 2324 1292 Germanos
2346 1255 2349 1258 “

445 1310 483 1345 ὃ(
503 1304 694 1347 Sarmatas
713 1306 880 1346 fulmina
906 1307 1234 1360 persequerentur
1245 1332 1256 1351 ,
1280 1309 1316 1344 &
1345 1304 1538 1358 plurimos
1564 1318 1703 1344 eorum
1725 1305 2006 1347 interficerent.
2038 1308 2188 1348 Extant
2205 1310 2326 1349 literae

445 1362 507 1402 M.
522 1363 674 1403 Aurelii
685 1362 893 1417 graviffimi
910 1363 1166 1417 Imperatoris
1178 1395 1186 1408 ‚
1207 1362 1352 1414 quibus
1364 1361 1469 1400 illam
1483 1362 1766 1402 Germanicam
1776 1361 1881 1402 sitim
1892 1364 2210 1405 Christianorum
2222 1365 2324 1405 forte

442 1419 616 1460 militum
627 1421 923 1475 precationibus
934 1421 1148 1475 impetrato
1157 1419 1275 1459 imbri
1286 1417 1489 1459 discussam
1503 1419 1757 1460 contestatur.
2008 1418 2011 1421 ’

192 1524 332 1563 &Q
392 1516 488 1551 xus.
591 1518 778 1559 1chxv.

389 1616 468 1650 XV.
598 1618 795 1651 CLXXVI.

387 1715 472 1749 XVI
868 1680 905 1720 A
913 1680 1030 1720 tticus
1040 1680 1254 1720 Platonicae
1266 1677 1374 1719 seAEIae
1384 1676 1647 1732 Philosophus
1659 1677 1892 1733 agnoscitur.

598 1716 809 1750 CLXXVH‘
866 1735 1062 1775 Romana:
1072 1737 1251 1777 Ecclefiae
1262 1735 1526 1775 duodecimus
1547 1734 1832 1789 Episcopatum
1851 1733 2017 1788 suscepit
2035 1723 2324 1776 ELEVTHE-

196 1822 374 1856 014—21-
388 1814 499 1848 xvii.
598 1800 826 1849 CLXxvin.
923 1792 1038 1854 RUS
1060 1807 1150 1854 3³¹³ss-
1168 1795 1232 1853 Χῖ·
1378 1847 1384 1853 ,
1657 1848 1662 1853 ,
1718 1848 1723 1855 .

869 1849 1100 1888 Antiochiae
1111 1850 1301 1903 septimus
1312 1846 1527 1902 Episcopus
1540 1847 1793 1887 constituitur
1817 1846 2190 1888 MAXIMINUS.

389 1943 984 1986 ANTONINUS
1051 1943 1628 1985 COMMODUM
1685 1943 2040 1983 FILIUM
2099 1943 2327 1986 SUUM,

682 2002 1291 2043 CONSORTEM
1351 2001 1653 2042 REGNI
1712 2000 2018 2041 FACIT.

389 2098 517 2133 XVIII·
588 2099 788 2148 JCLXXIX.
851 2100 1084 2139 Antoninus
1107 2112 1201 2137 cum
1223 2097 1304 2137 filio
1323 2096 1375 2136 de
1397 2097 1575 2136 hostibus
1594 2097 1880 2151 triumphavit,
1902 2110 2001 2149 quos
2021 2111 2091 2152 per
2112 2099 2327 2140 triennium
2362 2087 2366 2097 ⁶

907 2155 1014 2209 apud
1024 2155 1278 2195 Carnuntum
1289 2154 1438 2194 habens
1452 2153 1588 2193 stativa
1600 2154 1731 2200 castra,
1747 2166 1968 2193 vexaverat.

392 2250 659 2304 Imperatores
669 2251 804 2291 multis
817 2253 941 2292 multa
952 2253 1083 2308 largiti
1097 2252 1185 2292 sunt
1198 2268 1206 2292 ε
1220 2257 1255 2292 δε
1273 2252 1496 2306 pecuniam,
1512 2264 1597 2303 quae
1608 2249 1699 2290 fisco
1710 2250 1931 2297 debebatur
1943 2277 1953 2295 ,
1965 2251 2180 2304 provinciis
2191 2266 2327 2293 conce-

446 2308 586 2347 dentes
597 2308 747 2347 tabulas
758 2308 989 2349 debitorum
1001 2311 1042 2349 in
1057 2309 1192 2349 medio
1204 2310 1399 2349 Romanae
1410 2309 1514 2347 urbis
1535 2306 1623 2347 foro
1634 2306 1797 2347 incendi
1810 2306 1991 2347 fecerunt
2008 2324 2015 2348 2
2037 2323 2082 2348 ac
2103 2309 2202 2363 quid
2219 2309 2326 2349 boni-

447 2365 522 2404 tati
533 2364 692 2411 deesset‚
705 2365 820 2406 duras
831 2366 1003 2421 quasque
1014 2366 1121 2422 leges
1131 2367 1245 2406 novis
1255 2364 1603 2406 constitutionibus
1616 2376 1897 2418 temperarunt.

392 2462 484 2495 xlx..
588 2462 769 2510 gCLXXX.

391 2552 624 2592 Antoninus
633 2554 718 2607 post
730 2553 934 2595 vistoriam
947 2553 1050 2595 adeo
1061 2554 1103 2594 in
1117 2554 1296 2595 editione
1309 2566 1519 2594 munerum
1533 2551 1764 2607 magnificus
1774 2551 1850 2592 fuit
1862 2579 1874 2597 ‚
1894 2563 1939 2591 ut
1951 2564 2114 2593 centum
2125 2553 2236 2593 fimul
2247 2553 2324 2594 leo-

451 2622 520 2648 nes
528 2610 765 2651 exhibuerit.
1237 2648 1240 2650 .

394 2666 653 2706 Commodus
664 2670 684 2707 a
696 2668 844 2708 Senatu
858 2669 1056 2724 Augustus
1067 2670 1295 2724 appellatus.

395 2724 563 2777 Smyrna
576 2725 665 2764 urbs
679 2725 778 2766 Afiae
792 2737 899 2766 terrae
909 2737 1022 2765 motu
1036 2728 1132 2767 ruit:
1151 2727 1201 2766 ad
1222 2726 1333 2779 cujus
1355 2724 1677 2765 instaurationem
1698 2723 1839 2764 decem
1861 2723 1970 2762 annis
1992 2723 2233 2763 tributorum
2255 2725 2324 2765 im-

456 2782 631 2821 munitas
641 2781 733 2821 data
744 2782 809 2822 est.

396 2837 633 2877 Antoninus
643 2840 683 2878 in
694 2840 900 2879 Pannonia
913 2841 1055 2880 morbo
1067 2841 1195 2894 periit.

395 2894 678 2935 Alexandrinae
688 2895 866 2935 Ecclefiae
878 2896 1057 2936 decimus
1075 2897 1346 2952 episcopatum
1367 2895 1524 2934 sortitur
1535 2894 1561 2949 J
1572 2894 1613 2934 U
1626 2895 1658 2935 L
1671 2896 1690 2935 I
1703 2895 1738 2933 A
1751 2895 1793 2934 N
1806 2893 1850 2933 U
1862 2894 1885 2933 S
1904 2908 1994 2934 ann.
2009 2895 2060 2936 ἶ

399 2964 437 3003 C
461 2964 501 3003 O
526 2964 575 3004 M
580 2991 594 2996 -
871 2967 1151 3007 Romanorum
1164 2966 1509 3021 quintusdecimus
1520 2966 1702 3022 regnavit
1720 2967 1756 3006 C
1772 2965 1812 3005 O
1828 2966 1876 3006 M
1891 2966 1939 3006 M
1953 2965 1994 3006 O
2006 2965 2045 3005 D
2059 2963 2102 3003 U
2116 2965 2139 3004 S
2158 2978 2246 3004 ann.
2262 2964 2322 3005 ff.

402 3021 592 3116 Slvos.
847 3048 850 3053 ·
2117 3040 2130 3051 ’

400 3133 423 3165 Ῑ·
601 3136 802 3171 CLXXXI·
875 3137 1133 3178 Commodus
1144 3136 1195 3177 de
1205 3137 1417 3177 Germanis
1429 3135 1700 3190 triumphavitae.

207 3233 384 3271 9-ὲὲἒὲ
399 3231 438 3263 Π.
602 3225 816 3280 {CLXXXIL
875 3213 1095 3287 Templum
1110 3232 1304 3287 Serapidis
1317 3231 1566 3271 Alexandriae
1576 3229 1790 3270 incensum.

401 3329 458 3362 111.
603 3308 842 3388 {CLXXXIIL'
876 3298 1047 3370 Irenaeus
1059 3327 1276 3383 Episcopus
1288 3325 1564 3382 Lugdunensis
1576 3309 1736 3380 insignis
1745 3325 1922 3365 habetur.

405 3428 464 3461 IV.
605 3429 838 3465 CLXXXIV.
874 3426 1060 3468 Thermae
1071 3423 1378 3467 Commodianae
1390 3426 1533 3465 Romae
1543 3423 1660 3465 faotae.

220 3548 322 3567 samec.
404 3527 449 3562 V.
610 3527 821 3563 CLXXXV.
878 3524 1135 3566 Commodus
1148 3523 1424 3579 Septembrem
1439 3521 1612 3564 mensem
1624 3523 1790 3564 nomine
1801 3521 1869 3562 suo
1878 3521 2100 3576 appellavit.

2215 3592 2320 3629 ROM-
