2366 4040
280 334 325 371 50
719 304 1779 353 EUSEBIIPAMPHILI

333 386 578 439 A1·riani‚qui
590 395 722 425 totum
735 397 844 437 paene
858 382 1072 422 Orientem
1086 387 1206 429 atque
1216 374 1491 417 Occidentem
1501 376 1904 423 commaculaverant,
1914 376 2047 418 edisto
2060 380 2216 434 gloriosi

393 443 583 497 Principis
594 440 777 481 Ecclesiis
788 438 1015 492 spoliantur,
1026 448 1110 488 quae
1119 431 1343 472 Catholicis
1354 432 1555 488 deputatas
1566 432 1589 471 s
1585 447 1604 472 u
1610 448 1635 473 n
1641 445 1667 472 t.
1733 476 1735 490 ¹
2067 449 2070 450 ⁷

279 500 353 541 VI.
385 500 590 540 Iohannes
606 497 820 553 AEgyptius
833 493 1081 535 Monachus,
1101 489 1173 542 qui
1183 488 1236 529 ob
1256 490 1346 530 vitae
1355 491 1570 545 puritatem
1583 490 1803 545 prophetiae
1814 492 1979 546 gratiam
1997 494 2018 532 a
2037 494 2218 534 Domino

396 557 553 601 meruit,
566 555 725 609 insignis
736 553 913 592 habetur.

281 612 376 654 VII.
409 613 499 653 Post
511 611 725 651 Damasum
735 609 929 649 Romanae
940 602 1122 643 Ecclefiae
1129 604 1311 659 regimen
1322 604 1540 645 tricesimus
1551 604 1677 645 sextus
1690 604 1865 660 Syricius
1878 604 2056 661 suscepit.

340 669 466 724 Apud
476 667 760 713 Alexandriam
771 660 963 703 defuneto
973 660 1092 700 Petro
1101 687 1114 707 ,
1129 657 1394 708 Timotheus,
1408 666 1445 702 δε
1454 662 1541 717 post
1549 664 1657 703 hunc
1664 663 1921 717 Theophilus
1932 664 2121 719 Episcopi
2130 679 2223 705 con-

397 726 623 766 stituuntur.

339 782 589 836 Ierosolymis
596 779 681 834 post
693 775 891 831 Cyrillum
906 773 1106 815 Iohannes
1115 773 1330 813 Ecclesiam
1340 774 1493 826 recipit.

339 838 464 893 Apud
476 834 736 877 Antiochiam
747 832 941 873 defuneto
953 831 1128 872 Meletio
1138 829 1387 870 substituitur
1396 830 1616 870 Flavianus.
2156 855 2162 860 -

340 898 489 950 Ingens
500 894 601 932 inter
612 890 763 937 nostros
777 889 987 929 contentio
1006 888 1149 927 oborta
1169 903 1177 927 :
1200 886 1313 941 quod
1324 887 1474 927 scilicet
1484 887 1672 941 Episcopi
1683 914 1694 932 ,
1713 891 1840 940 quiab
1852 893 2062 933 Haereticis
2074 892 2225 948 depulsl

396 951 566 995 fuerant,
579 947 733 988 nollent
744 947 805 986 his
816 946 864 985 ab
876 947 1125 999 Imperatore
1137 942 1311 998 dejestis,
1324 944 1432 990 alios,
1446 959 1565 998 quam
1579 944 1616 984 se
1628 973 1639 990 ,
1650 944 1830 986 substitui
1840 947 2086 991 Sacerdotes.

338 1006 537 1049 Terribile
548 1007 591 1045 in
602 1003 705 1044 coelo
719 1003 874 1059 fignum
886 1003 1083 1042 columnae
1094 1015 1165 1056 per
1177 1002 1314 1041 omnia
1326 1001 1450 1041 fimile
1461 1002 1652 1056 apparuit.

282 1065 401 1107 VIII.
432 1062 562 1118 Apud
583 1060 872 1102 Alexandriam
889 1058 1039 1112 templa
1058 1058 1252 1099 destru&a
1275 1074 1282 1097 ε
1304 1059 1345 1097 in
1357 1059 1502 1113 quibus
1522 1059 1674 1112 Serapis
1695 1059 2006 1113 antiquissimum
2028 1065 2065 1100 δε
2082 1062 2228 1102 notissi-

342 1166 345 1168 ,
399 1135 511 1160 mum
524 1119 735 1174 templum,
749 1116 861 1170 quod
872 1115 980 1169 quasi
991 1114 1173 1169 quaedam
1184 1115 1371 1155 columna
1383 1127 1566 1155 ruentem
1578 1115 1792 1156 sustinebat
1802 1117 2082 1158 idololatriam.

268 1179 360 1219 ‘1X.
392 1177 696 1218 Valentinianus
706 1174 872 1214 Viennae
881 1173 930 1212 ab
943 1173 1167 1227 Arbogaste
1180 1173 1347 1212 Comite
1358 1172 1427 1212 suo
1439 1173 1686 1228 extinguitur
1707 1189 1715 1212 ε
1736 1174 1778 1213 in
1789 1175 1900 1228 cujus
1911 1176 2045 1215 locum
2058 1175 2231 1229 tyranni-

303 1238 307 1243 “
400 1234 494 1274 dem
507 1232 708 1288 Eugenius
720 1230 889 1270 invadit.

285 1293 338 1333 X.
372 1290 442 1332 Ad
454 1287 744 1330 vindicandum
754 1287 1032 1328 Valentiniani
1044 1287 1263 1332 interitum,
1276 1291 1314 1326 δε
1324 1285 1632 1344 opprimendam
1644 1287 1816 1343 Eugenii
1828 1287 2081 1344 tyrannidem
2092 1290 2231 1330 Theo-

270 1388 278 1390 s
399 1346 531 1386 dofius
542 1347 584 1386 in
596 1345 755 1387 Italiam
769 1342 1063 1400 transgreditur,
1072 1356 1209 1397 aperto
1220 1343 1299 1384 Dei
1308 1344 1443 1384 favore
1457 1343 1771 1398 conspirantibus
1782 1346 1825 1384 in
1833 1345 1877 1385 id
1887 1346 2108 1387 elementis.

286 1405 360 1445 XI.
393 1404 578 1459 Eugenio
590 1403 772 1457 superato
780 1400 1035 1441 Theodofius
1044 1400 1263 1440 undecimo
1272 1402 1386 1456 regni
1395 1400 1453 1441 sui
1461 1415 1566 1441 anno
1576 1400 1686 1441 diem
1697 1401 1811 1441 obiit.

286 1465 587 1504 ARCADHJS
613 1464 650 1500 ὃ(
672 1459 974 1499 HONORIUS
991 1471 1262 1498 annosxxxir.

286 1520 318 1559 Ι.
351 1517 721 1571 Constantinopolis
742 1516 990 1556 eminentem
1003 1515 1083 1555 Dei
1100 1515 1198 1554 iram
1211 1543 1222 1561 ,
1241 1516 1335 1570 igne
1347 1515 1459 1570 super
1469 1513 1621 1557 nubem
1640 1515 1866 1557 terribiliter
1877 1517 2056 1573 fulgente
2065 1545 2076 1564 ,
2098 1517 2233 1557 formi-

323 1572 325 1578 ’
402 1575 499 1614 dans
510 1586 598 1614 toto
608 1573 657 1613 ad
667 1572 1095 1628 poenitentianranimo
1107 1572 1293 1613 converia
1302 1572 1553 1629 subterfugit.
2169 1572 2174 1575 ⁷

342 1631 517 1673 Rufinus
535 1631 817 1685 Bosporitanus
827 1657 838 1676 ,
864 1643 989 1683 quum
1002 1628 1053 1668 ad
1071 1628 1268 1669 summam
1280 1630 1431 1670 militiae
1449 1630 1690 1684 pervenisset
1701 1660 1712 1676 ,
1734 1630 1904 1685 praeferri
1915 1631 1986 1672 fibi
1999 1630 2234 1673 Stiliconem

399 1703 483 1729 non
493 1688 621 1741 ferens
633 1688 681 1728 ab
695 1688 843 1727 eodem
855 1686 1378 1733 interficitur,-Hunnorum,
1389 1701 1472 1741 quo
1484 1687 1736 1734 fulciebatur,
1748 1688 1926 1742 praefidio
1937 1672 2129 1743 ruperam.

283 1747 338 1787 II.
372 1746 620 1786 Claudianus
635 1746 760 1786 Poeta
771 1743 1035 1784 admiratione
1045 1743 1379 1798 dignushabetur.
1904 1788 1907 1792 .
2141 1753 2144 1756 ’

344 1803 471 1842 Gildo
485 1802 696 1842 Africanus
705 1802 747 1841 in
756 1801 973 1842 rebellione
984 1813 1204 1847 commota,
1217 1801 1404 1842 consueta
1415 1801 1614 1842 Romanis
1622 1801 1817 1856 stipendia
1827 1801 2028 1842 subtraxit.

344 1859 585 1899 Prudentius
595 1859 759 1914 Lyricus
772 1859 900 1898 Poeta
911 1859 1055 1903 noster,
1068 1857 1268 1912 Hispanus
1278 1872 1437 1914 genere,
1449 1859 1593 1899 illustre
1603 1859 1756 1913 ingenii
1765 1858 1821 1898 sui
1832 1859 1950 1899 robur
1960 1854 2125 1899 exeruit.

286 1917 364 1957 III.
397 1916 536 1955 Stilico
548 1916 740 1970 Magister
751 1915 900 1954 militiae
911 1914 1090 1954 Gildone
1098 1915 1349 1955 Mauritaniae
1359 1915 1574 1962 interfecit,
1583 1915 1778 1971 Africalad
1786 1916 1991 1969 pristinum
1998 1917 2060 1970 jus
2069 1915 2233 1956 radasta.

343 1973 541 2012 Romanae
550 1971 732 2011 Ecclesiae
742 1970 990 2011 Cathedram
1003 1970 1220 2011 tricesimus
1231 1971 1420 2025 septimus
1431 1973 1694 2011 Innocentius
1706 1974 1827 2012 tenet.

287 2029 360 2071 IV.
393 2029 508 2069 Toto
522 2028 619 2068 orbe
631 2029 823 2069 Romano
832 2028 1004 2081 antiquae
1016 2026 1298 2081 superstitionis
1309 2028 1458 2084 templa
1470 2027 1674 2068 destru&a.

343 2086 544 2131 Paulinus,
555 2086 739 2126 Nolanus
747 2084 1007 2139 postmodum
1018 2084 1240 2136 Episcopus
1248 2112 1259 2129 ,
1270 2085 1493 2125 admirabili
1505 2085 1692 2137 exemplo
1701 2085 1879 2124 venditis
1889 2087 2078 2125 omnibus
2088 2119 2096 2132 ,
2110 2099 2237 2139 quum

403 2142 498 2182 esset
508 2142 697 2181 dominus
707 2140 1058 2181 innumerabilium
1070 2140 1323 2193 praediorum,
1334 2140 1570 2195 religionem
1580 2139 1792 2194 expeditus
1803 2140 1935 2195 elegit.

289 2200 349 2250 V..
364 2198 569 2252 Johannes
581 2196 999 2250 constantinopolites
1011 2194 1231 2250 Episcopus
1243 2196 1357 2236 dietis
1369 2197 1557 2251 fastisque
1570 2196 1754 2237 clarescit.

350 2255 550 2295 Martinus
562 2254 647 2308 post
659 2254 819 2309 egregie
830 2253 957 2293 astam
967 2253 1093 2292 vitam
1106 2267 1271 2306 corpore
1280 2255 1450 2295 exuitur.

290 2313 365 2354 VI.
396 2311 575 2367 Pelagius
590 2311 753 2351 vesanus
765 2310 944 2350 do&rina
955 2310 1163 2349 execrabili
1172 2310 1363 2350 Ecclesias
1375 2312 1668 2351 commaculare
1679 2323 1857 2350 conatur.

292 2370 388 2412 VII.
423 2369 650 2408 Contentio
659 2382 709 2408 ex
719 2367 899 2408 dostrina
911 2367 1100 2422 Origenis
1111 2366 1310 2422 synodum
1321 2369 1430 2422 apud
1443 2368 1729 2408 Alexandriam
1743 2368 1937 2414 movit,cu
1939 2368 2002 2421 jus
2015 2369 2150 2410 extitit
2158 2368 2240 2410 sen-

410 2426 548 2471 tentia,
559 2438 604 2465 ut
615 2437 722 2466 extra
735 2424 948 2466 Ecclesiam
961 2424 1071 2464 fieret
1078 2425 1310 2478 quicunque
1322 2425 1533 2479 supradicffi
1543 2426 1617 2465 viri
1627 2439 1748 2480 opera
1758 2425 2006 2479 probavisset.

293 2483 410 2525 VIII.
444 2482 545 2522 Solis
556 2482 655 2522 fasta
666 2481 853 2522 defeffio.

351 2539 597 2594 Augustinus
610 2539 778 2593 plurima
787 2539 892 2578 libris
902 2538 1259 2578 innumerabilibus
1271 2538 1429 2580 diflerit.

296 2598 374 2638 IX.
407 2597 572 2636 Severus
582 2610 630 2636 ex
643 2595 845 2649 disciplina
858 2594 990 2635 Sancti
1001 2595 1170 2635 Martini
1182 2596 1265 2649 ejus
1275 2597 1401 2636 vitam
1411 2596 1535 2636 tribus
1546 2596 1719 2651 explicat
1728 2595 1844 2636 libris.

299 2655 351 2694 X.
383 2654 489 2693 Saeva
509 2654 632 2693 Italiae
646 2653 834 2692 barbarici
853 2663 989 2692 motus
1001 2653 1212 2706 tempestas
1230 2653 1427 2694 incubuit.
1458 2653 1669 2707 Siquidem
1685 2652 1864 2708 Radagaj
1871 2667 1912 2693 us
1930 2653 2024 2693 Rex
2038 2655 2244 2694 Gotorum

413 2711 533 2751 Italia:
546 2711 713 2750 limitem
729 2711 942 2750 vastaturus
960 2708 1252 2764 transgreditur.
1284 2711 1345 2750 Ex
1355 2711 1434 2750 hoc
1446 2712 1603 2753 Arriani
1619 2744 1627 2758 ,
1637 2723 1640 2727 ’
1652 2712 1722 2765 qui
1733 2709 1925 2749 Romano
1938 2711 2079 2764 procul
2089 2709 2245 2752 fuerant

414 2768 509 2808 orbe
524 2768 663 2823 fugati,
674 2767 931 2807 Barbararum
945 2767 1166 2814 nationum,
1181 2767 1232 2807 ad
1243 2782 1340 2822 quas
1350 2768 1387 2808 se
1399 2768 1620 2814 contulere,
1630 2766 1807 2822 praefidio
1819 2767 1917 2822 erigi
1929 2781 2098 2821 coepere.

300 2825 377 2866 XI.
408 2825 553 2865 Multis
565 2837 657 2864 ante
668 2824 823 2864 vastatis
834 2823 1240 2879 urbibus,Radagajus
1252 2826 1463 2865 occubuit:
1477 2826 1587 2878 cujus
1597 2826 1638 2863 in
1649 2836 1723 2863 tres
1733 2836 1863 2877 partes
1873 2837 1942 2877 per
1951 2822 2122 2864 diversos
2132 2826 2244 2864 Prin-

416 2883 522 2936 cipes
534 2881 679 2922 divisus
690 2882 883 2921 exercitus
893 2880 1064 2933 aliquam
1075 2882 1325 2937 repugnandi
1333 2881 1530 2921 Romanis
1541 2881 1694 2935 aperuit
1702 2879 2098 2935 facultatemJnfigni
2110 2882 2247 2920 trium—

415 2940 497 2992 pho
509 2940 683 2978 exercitu
689 2953 727 2978 m
738 2938 862 2978 tertiae
872 2937 1433 2991 partishostium,circumastis
1443 2940 1691 2979 Hunnorum
1700 2936 1961 2984 auxiliaribus,
1975 2938 2115 2979 Stilico
2124 2937 2247 2992 usque

417 2996 468 3034 ad
479 2996 796 3036 internecionem
809 2994 969 3034 delevit.

302 3053 404 3092 XII.
437 3053 631 3092 Arcadius
645 3053 825 3092 Orientis
845 3052 1057 3105 imperium
1076 3052 1300 3107 gubernans
1318 3053 1443 3093 vitam
1455 3052 1610 3107 explet,
1625 3065 1793 3106 parvum
1811 3050 2035 3091 admodum
2053 3050 2247 3092 Theodo-

416 3108 512 3148 sium
526 3108 648 3148 filium
662 3109 824 3163 Imperii
834 3108 1088 3149 successorem
1101 3109 1339 3163 relinquens.

361 3165 592 3206 Caelestinus
603 3166 817 3206 tricesimus
830 3165 989 3206 octavus
997 3167 1231 3207 Romanam
1245 3167 1458 3207 Ecclesiam
1471 3166 1723 3222 gubernavit.
1737 3163 1756 3178 ‘¹

304 3223 427 3264 XIII.
460 3222 710 3261 Diversarum
722 3224 903 3277 gentium
916 3223 1041 3264 rabies
1053 3223 1198 3264 Gallias
1209 3223 1421 3264 dilacerare
1431 3223 1577 3269 exorsa,
1589 3221 1759 3263 immissu
1770 3235 1890 3275 quam
1902 3222 2078 3260 maxime
2090 3221 2246 3262 Stilico-

420 3279 480 3318 nis
495 3279 660 3333 indigne
673 3279 833 3319 ferentis
844 3278 922 3318 filio
932 3280 1000 3320 suo
1012 3295 1179 3335 regnum
1192 3290 1396 3336 negatum.

305 3334 423 3378 XIV.
456 3334 589 3375 Uticae
600 3337 640 3374 in
653 3335 738 3376 foro
749 3335 911 3389 Trajani
924 3349 1024 3378 terra
1036 3337 1339 3393 diebus'septem
1351 3337 1554 3391 mugitum
1567 3335 1692 3376 dedit.

359 3393 471 3433 Inter
482 3391 555 3431 alia
566 3392 735 3431 multum
746 3393 994 3447 Reipublicae
1006 3395 1209 3435 Stiliconis
1219 3405 1349 3435 morte
1361 3382 1586 3435 consultum
1598 3393 1652 3433 est
1664 3420 1676 3439 ,
1698 3393 1769 3447 qui
1779 3391 1891 3432 saluti
1901 3390 2156 3447 Imperatoris
2166 3405 2248 3433 ten-

423 3449 545 3488 debat
556 3448 725 3488 infidias.

308 3543 315 3549 .
363 3506 574 3549 Nestorius
586 3507 623 3546 C
628 3506 1000 3568 onstantinopolites
1010 3510 1228 3565 Episcopus
1236 3509 1288 3550 ad
1297 3509 1484 3557 haerefim,
1496 3522 1581 3564 quae
1592 3508 1635 3547 in
1647 3502 1807 3549 Christo
1817 3507 1953 3548 Deum
1963 3506 2011 3548 ab
2023 3506 2186 3547 homine
2196 3505 2249 3547 se-

423 3573 546 3618 parat,
558 3574 732 3602 vertitur.

311 3620 405 3662 XV.
429 3620 634 3675 Johannes
647 3620 799 3660 Comes
812 3620 957 3661 Africae
966 3622 1114 3665 occisus
1124 3626 1178 3666 est
1187 3626 1208 3666 a
1218 3623 1380 3680 populo.
2060 3678 2091 3717 P
2191 3674 2202 3715 l

2093 3690 2187 3718 rocu
2206 3687 2248 3716 us
