2366 4040
188 271 258 309 152
763 244 1717 293 EUSEBIIPAMPHILI

383 362 554 396 ALEX.
618 360 732 394 IVD.
1178 345 1216 385 C
1277 345 1329 386 O
1376 347 1422 386 N
1482 345 1506 385 S
1566 344 1611 385 U
1670 348 1704 387 L
1763 345 1808 385 U
1867 346 1929 385 M.

186 451 359 475 emimus-1
375 443 488 476 XXV.
583 441 659 474 XII.
799 435 927 477 Caesar
938 432 1134 472 Rhenum
1144 431 1333 473 tranfiens
1344 434 1381 473 G
1389 447 1570 475 ermanos
1579 434 1711 476 vastat.

376 541 441 575 XX
447 540 506 573 VI.
583 539 664 572 XIII
669 564 675 571 .
780 545 784 548 ·
797 529 953 572 Craffus
965 529 1120 571 Consul
1129 544 1223 570 cum
1235 530 1317 572 filio
1330 531 1398 572 suo
1410 531 1518 587 apud
1529 532 1671 573 Carras
1682 541 1832 586 captus.

377 640 523 674 XXVII.
585 635 677 669 XIV.
797 625 1015 668 Ventidius
1026 627 1177 682 primus
1187 625 1472 668 Romanorum
1482 630 1649 672 Parthos
1657 629 1822 685 superat.

378 736 539 771 XXVIII.
582 732 662 766 XV.

381 839 507 878 Curio
519 848 729 891 promptus
742 840 779 876 &
792 837 992 892 popularis
1003 849 1136 880 orator
1146 837 1292 878 Romae
1302 836 1471 879 habetur
1480 838 1640 893 insignis
1651 865 1663 884 ,
1684 839 1756 894 qui
1767 838 1955 894 deinceps
1967 840 2009 880 in
2024 840 2162 883 Africa
2172 846 2325 900 pudore

436 893 560 935 amiffi
571 894 767 934 exercitus
778 895 883 934 mori
894 895 1049 942 maluit,
1063 909 1185 949 quam
1197 894 1380 935 evadere.

379 950 572 1008 Virgilius
583 951 739 1005 sumpta
752 962 846 1007 toga
859 952 1144 994 Mediolanum
1158 951 1444 1008 transgreditur
1460 956 1517 992 :&
1529 952 1616 1006 post
1630 951 1751 992 breve
1762 962 1920 1005 tempus
1931 951 2109 997 Romam
2118 960 2261 1014 pergit.

186 1065 366 1107 effimxxss
380 1060 507 1097 XXIX.
591 1060 686 1094 XVI·
806 1060 1070 1102 Simulacrum
1085 1062 1394 1117 OlympiiJovis
1404 1063 1553 1104 tactum
1564 1063 1746 1106 fulmine.

379 1160 488 1195 XXX.
593 1159 704 1193 XVH-
805 1158 933 1200 Caesar
943 1159 1167 1201 Germanos
1183 1165 1221 1201 ὃς
1231 1162 1372 1202 Gallos
1380 1162 1498 1216 capit.

381 1258 580 1358 ξὲξΚῖ
803 1265 974 1324 AEgypti
986 1265 1230 1308 duodecima
1249 1268 1286 1308 C
1298 1269 1331 1309 L
1345 1270 1380 1310 E
1396 1268 1438 1309 O
1449 1268 1482 1309 P
1494 1269 1532 1309 A
1544 1267 1586 1308 T
1596 1267 1638 1308 R
1647 1268 1686 1308 A
1705 1281 1796 1309 ann.
1826 1289 1915 1310 xxix.

382 1416 409 1448 I·
596 1413 720 1446 XVIII·
803 1411 1049 1475 Principium
1065 1419 1158 1462 belli
1170 1421 1296 1461 civilis
1310 1421 1471 1462 Caesaris
1483 1425 1520 1462 &
1530 1421 1728 1476 Pompeii.

381 1514 423 1547 IL
592 1512 684 1546 XIX.
803 1477 1010 1518 Diodorus
1023 1477 1179 1518 Siculus
1192 1478 1336 1519 Graecae
1346 1479 1513 1534 scriptor
1522 1478 1689 1519 historiae
1702 1478 1826 1520 clarus
1837 1479 2014 1521 habetur.

382 1620 420 1660 C
434 1619 471 1659 A
483 1618 502 1657 1
512 1617 551 1659 V
561 1617 586 1656 S
616 1618 636 1657 I
647 1618 728 1659 VL
741 1619 761 1659 I
773 1618 809 1659 V
819 1620 851 1677 S¹
877 1622 914 1661 C
928 1621 982 1661 AE
992 1620 1016 1661 S
1034 1622 1071 1661 A
1084 1621 1126 1662 R
1145 1622 1296 1677 primus
1320 1623 1429 1678 apud
1449 1623 1662 1664 Romanos
1682 1623 1875 1679 singulare
1896 1625 2061 1678 arripuit
2071 1626 2284 1682 imperium
2295 1632 2331 1674 :a

440 1689 524 1729 quo
541 1676 581 1738 C
593 1675 647 1715 AE
660 1677 684 1717 S
697 1678 735 1716 A
747 1676 788 1717 R
797 1677 828 1716 E
843 1679 867 1717 S
892 1680 1174 1720 Romanorum
1187 1680 1389 1735 Principes
1400 1680 1599 1735 appellati.

411 1791 548 1824 ROM
605 1790 777 1824 ALEX.
848 1792 966 1825 IVD.

384 1854 579 1929 CAIVS
1024 1882 1310 1922 Romanorum
1339 1884 1490 1936 primus
1519 1883 1704 1939 regnavit
1736 1884 1786 1923 C.
1818 1883 2051 1925 IVLIVS
2085 1887 2330 1935 CAESAR

382 1944 568 2043 SCAAEI}
1078 1954 1168 1979 ann.
1190 1940 1248 1983 ἶῖ
1269 1940 1391 1980 mens.
1415 1941 1505 1982 ’νῖ

1021 2041 1239 2096 Pompejus
1258 2044 1390 2097 praelio
1410 2045 1537 2084 vistus
1558 2048 1596 2083 &
1616 2042 2060 2097 fugiensaspadonibus
2070 2047 2332 2094 Alexandrini
2364 2094 2366 2098 Α

185 2119 368 2158 grstxx’uu
387 2100 411 2132 Ῑ-
593 2098 651 2131 ΠΙ·
804 2098 880 2131 XX·
1079 2098 1210 2154 Regis
1222 2101 1434 2140 occiditur.

411 2188 417 2193 .
462 2202 540 2242 AB
570 2201 701 2242 HOC
735 2200 905 2241 LOCO
938 2200 1334 2247 ANTIOCHENI
1366 2205 1481 2247 SUA
1514 2206 1807 2248 TEMPORA
1840 2206 2249 2253 COMPUTANT.

585 2300 589 2371 l
1024 2301 1084 2341 M.
1108 2301 1264 2342 Coelius
1283 2303 1452 2350 Praetor„
1472 2307 1509 2343 &
1529 2303 1585 2344 T.
1606 2304 1764 2346 Annius
1783 2302 1889 2343 Milo
1905 2304 2038 2345 exules
2048 2307 2217 2360 oppresli
2228 2309 2324 2359 sunt,

586 2375 589 2419 J
1079 2372 1137 2398 res
1153 2373 1275 2399 novas
1286 2361 1327 2400 in
1341 2360 1555 2400 Thuriano
1567 2362 1790 2414 Brutioque
1802 2375 1898 2415 agro
1908 2361 2020 2401 simul
2032 2364 2254 2407 molientes.

195 2429 367 2450 wsccciw.
387 2415 424 2448 II·
587 2411 652 2445 Μ’·
800 2412 894 2446 XXI·
1021 2416 1228 2456 Ptolemaei
1239 2418 1410 2458 cadaver
1419 2431 1510 2457 cum
1523 2417 1644 2458 lorica
1656 2432 1771 2457 aurea
1782 2417 1823 2456 in
1836 2417 1936 2458 Nilo
1950 2419 2175 2461 inventum.

384 2514 429 2547 m
510 2490 513 2494 >
586 2461 624 2584 ἵν,
803 2512 899 2545 (XII
1023 2472 1151 2535 Caesar
1161 2474 1203 2513 in
1217 2474 1403 2530 AEgypto
1414 2488 1584 2529 regnum
1595 2475 1821 2528 Cleopatrae
1831 2474 2043 2516 confirmat
2054 2476 2108 2516 ob
2119 2478 2240 2534 stupri
2247 2496 2328 2536 gra-
2362 2457 2366 2515 l

436 2540 441 2546 ·
460 2558 464 2561 «
629 2538 636 2544 ’
801 2536 810 2544 ⁴
904 2539 910 2545 ·
1080 2542 1187 2575 tiam.
2112 2556 2114 2558 v

1021 2586 1164 2626 Rom-se
1173 2587 1335 2628 Basilica
1346 2589 1447 2630 Iulia
1457 2588 1655 2630 dedicata.

385 2658 605 2700 Decretum
624 2657 792 2697 Senatus
815 2659 852 2695 ὃς
874 2655 1188 2697 Atheniensium
1209 2657 1260 2697 ad
1281 2658 1439 2699 Iudaeos
1465 2660 1643 2700 mittitur
1662 2675 1669 2698 :
1690 2659 1761 2712 qui
1772 2673 1842 2716 per
1852 2658 2097 2714 legationem
2112 2663 2326 2706 amicitiam

439 2715 692 2770 postularant.

384 2789 444 2822 lv.
581 2780 650 2830 lVl.
799 2783 930 2821 iXXlH-
1024 2782 1243 2838 Cleopatra
1257 2785 1579 2840 regio'comitatu
1592 2783 1752 2824 Urbem
1764 2783 1939 2839 ingressa.

383 2857 598 2899 Prohibita:
617 2855 765 2896 lecticis
784 2854 1080 2910 margaritisque
1097 2858 1177 2904 uti,
1200 2871 1286 2911 quae
1306 2872 1381 2898 nec
1393 2859 1498 2899 viros
1507 2872 1581 2898 nec
1592 2857 1736 2897 liberos
1749 2857 1962 2904 haberent,
1974 2861 2011 2897 &
2023 2859 2198 2902 minores
2208 2863 2325 2904 essent

437 2916 550 2954 annis
560 2913 850 2967 quinquaginta
860 2913 1050 2966 quinque.

382 2971 576 3027 Nigidius
588 2969 749 3025 Figulus
761 2970 1047 3024 Pythagoricus
1057 2973 1094 3009 &
1105 2971 1251 3026 Magus
1260 2972 1302 3012 in
1317 2972 1437 3012 exilio
1447 2972 1625 3012 moritur.

190 3077 369 3099 outtxxxiv
384 3060 428 3093 V.
585 3059 671 3106 ¹leI.
797 3058 931 3102 IXXlV.

387 3141 590 3180 Antonius
602 3138 781 3195 decernit
791 3137 1019 3190 Qintilem
1032 3137 1210 3179 mensem
1223 3140 1372 3181 Iulium
1383 3141 1530 3182 debere
1544 3140 1636 3186 dici,
1652 3139 1745 3193 quia
1755 3139 1796 3178 in
1807 3152 1856 3178 eo
1868 3137 1997 3178 fuisset
2008 3151 2123 3180 natus
2134 3142 2268 3186 Iulius.

387 3196 537 3236 Cassius
549 3196 681 3236 Iudaea
694 3208 809 3250 capta
823 3195 1048 3249 Templum
1062 3196 1213 3250 spoliat.
1228 3203 1230 3207 ’

386 3254 526 3294 Idibus
542 3254 698 3292 Martiis
711 3252 895 3306 C.Julius
908 3253 1084 3292 Caesarin
1094 3254 1201 3293 curia
1214 3254 1412 3294 occiditur
1428 3259 1485 3294 z&
1499 3253 1618 3294 fasces
1632 3253 1762 3293 statim
1774 3251 1942 3305 suscepit
1950 3253 1993 3293 P.
2010 3253 2228 3296 Dolabella.

385 3311 435 3349 C.
450 3309 609 3349 Caesaris
620 3323 762 3363 corpus
777 3311 817 3348 in
831 3309 982 3348 Rostris
994 3310 1048 3349 ob
1059 3310 1254 3350 honorem
1266 3324 1577 3352 concrematum.

388 3366 543 3406 Servius
557 3364 750 3417 Sulpicius
762 3366 1071 3413 Iurisconsultus,
1084 3372 1121 3407 δε
1132 3369 1173 3407 Ρ.
1188 3368 1374 3408 Servilius
1385 3368 1574 3409 Isauricus
1583 3366 1745 3421 publico
1757 3365 1896 3406 funere
1908 3366 2013 3406 elati.

387 3423 455 3462 Ro
463 3437 531 3461 mac
546 3435 620 3460 tres
633 3420 701 3459 fini
708 3423 745 3460 ul
759 3423 867 3463 Soles
884 3424 1012 3463 exorti
1021 3426 1214 3479 paulatim
1227 3425 1268 3463 in
1280 3426 1457 3466 eundem
1468 3424 1607 3464 orbem
1620 3424 1863 3463 coaluerunt.

387 3482 500 3522 Inter
511 3490 645 3518 caetera
658 3490 856 3530 portenta,
870 3494 955 3532 quae
968 3492 1058 3521 toto
1070 3482 1165 3522 orbe
1178 3481 1279 3521 faita
1289 3481 1390 3527 sunt,
1403 3483 1474 3522 bos
1485 3482 1526 3521 in
1534 3480 1758 3520 suburbano
1769 3480 1913 3520 Romae
1923 3479 1974 3520 ad
1985 3492 2161 3521 arantem
2171 3481 2322 3522 locutus

446 3537 500 3576 est
513 3557 524 3583 3
546 3533 730 3587 Frvstrase
741 3539 868 3588 urgeri.
899 3545 987 3587 Nou
996 3542 1087 3577 enim
1090 3539 1289 3591 frumenta,
1294 3538 1361 3593 fid
1373 3539 1525 3579 homines
1537 3539 1639 3579 brevi
1649 3537 1841 3592 defuturos.

2209 3633 2318 3672 ROM.
