2366 4040
146 687 276 713 Orrixir.

147 732 180 751 ‘'ui
189 731 274 753 XCIX·

339 241 383 266 22

822 215 1158 261 IDAT11
1215 204 1674 257 EPISC'OPI

2302 0 2315 8 -

2327 51 2335 61 ,.

2311 0 2361 232 1

336 286 1245 343 tusut‚re1i&aNarb0naHispaniaspeteret‚per
1290 298 1338 338 27
1367 284 1622 326 Constantius
1642 285 1856 338 Imperator
1870 283 2073 341 Ravennae
2091 303 2175 332 mo·
2188 308 2314 348 oum».
2348 306 2358 322 ·“

340 353 537 405 quendam
550 349 727 390 Gothum
743 345 848 399 apud
868 345 1128 383 Barcinonam
1140 342 1243 383 inter
1283 343 1380 382 ritur
1390 342 1428 381 iri
1440 339 1508 381 suo
1520 343 1640 381 tertio
1650 340 1865 381 consulatu.

339 406 540 446 familiares
552 404 698 445 fabulas
703 405 743 455 ju
749 401 913 454 gulatur.
934 398 1017 437 Cui
1028 395 1241 444 succedens

338 462 487 502 wallia
499 464 540 502 in
551 475 670 508 regno
682 487 692 505 ,
713 470 800 496 cum
821 453 988 493 Patricio
1001 451 1239 493 Constantio

340 531 438 570 pace
450 530 541 555 mox
555 503 652 555 fas-&a
662 545 672 560 ‚
694 511 824 552 Alanis
837 536 848 554 ,
860 507 1116 548 &XV-andans
1129 507 1240 548 Silin-

338 572 416 624 gss,
441 573 479 610 jn
492 570 703 613 Lusitania,
725 571 761 605 8<
775 563 915 602 Baetica
935 559 1155 604 sedentibus
1174 565 1240 605 ad-

339 626 520 668 versatur.
933 619 939 626 ’
1174 640 1176 643 ’

395 678 668 721 Alexandrinae
704 672 874 714 ecclesiae
903 673 992 727 post
1027 672 1236 727 Theophi-

337 738 420 777 lum
438 736 525 788 quis
559 731 776 785 praesederit
797 759 809 779 ‚
843 728 1023 785 ignoravi
1043 729 1125 769 haec
1151 731 1238 770 scri-

338 793 441 831 bens.
1152 815 1158 826 2

398 841 651 883 Constantius
691 841 905 899 Placidiam
944 841 1099 894 accepit
1138 855 1237 882 uxo-

331 913 425 940 rem.

387 953 440 1009 [F
442 952 658 993 redibalum
670 964 798 1005 regem
815 951 1235 1006 gentisWandalorum

330 1010 410 1051 sine
436 1010 519 1049 ullo
542 1010 754 1049 certamine
780 1006 985 1061 ingeniose
1005 1018 1163 1061 captum
1185 1009 1236 1048 ad

329 1067 615 1119 Imperatorem
629 1065 756 1103 Hono
764 1065 863 1104 rium
873 1062 1083 1113 destinat]

336 1136 381 1174 23
420 1121 563 1161 Wallia
582 1134 646 1160 rex
668 1120 897 1160 Gothorum
917 1117 1091 1159 Romani
1105 1119 1231 1158 nomi-

331 1180 389 1218 nis
402 1175 511 1216 causa
522 1176 618 1216 intra
631 1175 838 1228 Hispanias
849 1174 973 1215 caedes
985 1187 1139 1228 magnas
1150 1174 1230 1219 effi-

331 1238 383 1273 cit
393 1231 652 1272 barbarorum.

335 1301 386 1340 24
414 1287 514 1326 Solis
533 1285 632 1327 faeta
643 1284 816 1327 defectio
834 1285 901 1327 die
911 1285 1068 1325 decimo
1088 1295 1230 1339 quarto

331 1342 422 1384 Kal.
444 1341 609 1397 Augusti
623 1370 635 1389 ,
645 1343 716 1395 qui
727 1340 801 1383 fuit
812 1343 950 1395 quinta
961 1338 1065 1380 feria.

386 1397 578 1438 Romanae
590 1397 771 1440 Ecclefiae
783 1411 921 1438 xxx1x.
947 1393 1124 1449 praesidet
1135 1395 1227 1449 Epi-

326 1453 472 1507 scopus
480 1452 667 1493 Zosimus.

386 1510 562 1548 Durante
584 1507 784 1562 Episcopo
807 1523 890 1562 quo
913 1507 1045 1560 supra,
1062 1505 1228 1560 gravissi—

331 1578 399 1605 mo
418 1574 637 1604 terraemotn
650 1564 774 1604 sanem
793 1566 830 1603 in
846 1562 1131 1617 Hierosolymis
1140 1562 1230 1601 loca

331 1619 552 1673 quassantur
567 1648 578 1667 ,
601 1623 638 1660 &
650 1631 787 1660 caetera
799 1649 809 1665 ‚
827 1619 877 1659 de
901 1619 1044 1672 quibus
1064 1619 1102 1658 in
1114 1617 1230 1671 gestis

332 1674 508 1728 ejusdem
522 1675 708 1727 Episcopi
718 1674 860 1728 scripta
872 1674 1087 1715 declarant.

385 1729 573 1770 Wandali
592 1728 730 1781 Silingi
751 1731 791 1769 in
806 1730 946 1769 Baetica
958 1742 1028 1783 per
1040 1727 1230 1769 VValliam

327 1797 460 1840 regem
473 1798 609 1825 omnes
621 1785 812 1826 exstinffl,

381 1841 518 1888 Alani,
531 1841 601 1893 qui
615 1840 820 1879 Wandalis
829 1867 842 1885 ,
852 1841 890 1878 &
900 1837 1033 1885 Suevis
1044 1847 1229 1891 potenta-

327 1894 479 1941 bantur,
492 1896 594 1935 adeo
606 1894 688 1935 caefi
698 1895 782 1934 sunt
795 1894 815 1933 a
827 1893 985 1941 Gothis,
997 1904 1041 1932 ut
1051 1893 1228 1933 &itinero

326 1952 451 1992 Atace
466 1950 757 2003 regeipsorum,
778 1949 918 2002 pauci,
938 1948 1008 2003 qui
1029 1945 1231 2001 superfue-

327 2016 413 2046 rant
424 2035 435 2054 ,
454 2005 605 2046 abolito
617 2006 728 2059 regni
746 2006 906 2045 nomine
921 2034 932 2052 ,
951 2004 1000 2044 de
1010 2004 1229 2045 Gunderici

326 2062 428 2114 regis
438 2061 741 2108 Wandalorum,
752 2062 823 2114 qui
835 2062 873 2100 in
885 2060 1073 2101 Gallaecia
1081 2058 1229 2099 resede-

327 2128 385 2156 rat
396 2145 407 2161 ,
426 2115 464 2155 se
477 2117 701 2168 patrocinio
713 2115 976 2169 subjugarent.

383 2171 512 2211 Gothi
534 2170 746 2212 intermisso
766 2171 1004 2217 certamine,
1021 2168 1134 2223 quod
1143 2182 1230 2223 age-

325 2223 421 2266 bant
432 2254 444 2273 ‚
457 2240 525 2279 per
535 2227 811 2267 Constantium
823 2225 873 2265 ad
885 2224 1032 2265 Gallias
1045 2226 1231 2272 revocati,

325 2282 435 2321 sedes
453 2283 493 2321 in
506 2283 742 2336 Aquitanica
754 2282 775 2321 ἐι
792 2280 943 2325 Tolosa
955 2281 1077 2334 usque
1099 2280 1148 2320 ad
1169 2281 1228 2320 O-

325 2350 491 2376 ceanum
505 2349 754 2390 acceperunt.

380 2392 526 2433 Wallia
538 2407 675 2434 eorum
687 2406 777 2445 rege
786 2390 974 2432 destinero
984 2390 1223 2433 Theodores

325 2446 505 2489 succedit
517 2450 556 2487 in
568 2462 706 2502 regno.

329 2515 373 2556 25
408 2503 513 2545 Inter
547 2504 820 2544 Gundericum
847 2503 1135 2543 Wandalorum
1147 2530 1159 2550 ‚
1189 2506 1227 2543 &

302 2559 600 2599 'Hermericum
631 2558 849 2598 Suevorum
874 2572 984 2612 reges
1016 2559 1227 2598 certamine

324 2625 417 2655 orto
426 2614 616 2662 ,Sueviin
637 2613 822 2655 Nervasis
834 2614 1032 2654 montibus
1047 2613 1228 2654 obfiden-
1272 2628 1292 2668 3

326 2680 387 2710 tur
398 2669 419 2709 a
432 2670 651 2711 wandalis.

377 2724 679 2766 Valentinianus
700 2724 954 2772 Constantii,
984 2727 1023 2764 ὃ(
1043 2724 1229 2765 Placidiae

324 2777 429 2821 filius
441 2780 618 2822 nascitur.

377 2836 426 2876 In
443 2836 643 2877 Gallicana
664 2836 825 2889 regione
845 2838 884 2877 in
898 2836 1058 2876 civitate
1067 2834 1228 2876 Biterris

325 2891 447 2931 multa
456 2891 559 2945 signa
572 2892 706 2932 effe&a
717 2892 884 2932 terrifica
896 2920 908 2939 ,
921 2892 1073 2931 Paulini
1083 2890 1226 2943 episto-

326 2945 544 3039 &ejlglfsdem
555 2949 722 2989 civitatis
733 2948 908 3002 episcopi
919 2957 1066 2987 enarrat
1076 2946 1226 2998 ubique

359 3013 410 3039 ire
451 3016 481 3041 a.

327 3054 380 3094 26
410 3054 596 3098 Wandali
606 3057 822 3100 Suevorum
843 3056 1047 3098 obsidione
1058 3055 1202 3096 dimissa
1214 3087 1225 3104 ‚

327 3109 493 3150 instante
507 3112 656 3154 Asterio
678 3114 953 3168 Hispaniarum
975 3114 1138 3154 Comite
1150 3141 1161 3161 ‚
1184 3117 1224 3153 &

328 3163 396 3202 sub
407 3163 569 3206 Vicario
582 3170 831 3210 Maurocello
841 3198 852 3216 ‚
865 3170 1073 3223 aliquantis
1086 3168 1220 3208 Braca-

322 3231 382 3257 rae
394 3219 430 3259 in
455 3222 560 3277 exitu
572 3223 640 3263 suo
656 3224 792 3265 occisis
803 3254 815 3274 ,
835 3225 964 3265 relicta
974 3224 1160 3264 Gallaecia
1171 3224 1221 3264 ad

330 3272 512 3314 Baeticam
525 3278 764 3320 transierunt.

386 3328 601 3380 [Romanae
614 3333 792 3377 Ecclesiae
802 3350 863 3376 XL.
878 3335 1052 3388 praesidet
1063 3333 1237 3388 Episco-‘

327 3397 400 3436 pus
410 3383 671 3436 Bonifacius.]

348 3492 354 3498 ι
391 3439 598 3480 Honorius
633 3443 736 3495 apud
764 3443 996 3486 Ravennam
1029 3444 1223 3486 Constan-

326 3503 425 3534 tium
437 3495 655 3537 consortem
668 3496 733 3538 fibi
744 3497 836 3539 facit
848 3501 887 3541 in
898 3515 1037 3555 regno,

2187 356 2254 378 CCC.

1287 398 1333 436 28
1365 396 1547 447 Castinus
1559 397 1746 449 Magister
1755 397 1923 436 militum
1942 410 2029 437 cum
2042 411 2178 454 magna
2336 446 2338 449 f
2364 434 2366 444 .

1280 467 1421 500 manu,
1453 456 1492 492 ὃς
1514 452 1667 492 auxiliis
1693 451 1918 492 Gothorum
1930 482 1941 498 ‚
1971 452 2118 494 bellum
2134 457 2176 503 in
2295 496 2297 498 ,
2330 461 2332 463 ’
2363 454 2366 491 ἑ

1279 507 1423 549 Baetica
1441 507 1648 548 XVandalis
1659 506 1787 548 infert.
1809 521 1909 560 quos
1923 511 2011 548 cum
2029 509 2078 548 ad
2095 511 2176 551 ino-
2304 550 2309 554 Ἴ,
2332 532 2343 547 .
2357 495 2366 577 l

1279 566 1384 617 piam
1407 564 1447 604 vi
1459 562 1674 604 obsidionis
1691 563 1852 604 ar&aret
1864 594 1874 610 ,
1890 563 1992 603 adeo
2003 574 2046 602 ut
2058 562 2093 603 se
2104 568 2175 606 tra-
2248 583 2252 588 ·
2337 571 2341 577 '

1279 621 1452 669 dereJ‘am
1464 630 1641 672 pararent
1652 647 1664 666 ,
1686 618 1905 659 inconsulte
1917 618 2080 671 publico
2093 633 2175 660 cer·
2306 643 2311 655 ι
2343 623 2366 663 ·’,.

1280 676 1425 713 tamine
1436 673 1904 726 confligens,auxiliorum
1915 672 2053 715 fraude
2063 675 2174 716 dece·
2351 635 2361 725 l

1281 739 1371 782 ptus
1384 756 1396 776 ,
1407 728 1456 767 ad
1465 728 1730 769 Tarraconam
1741 730 1866 770 vietus
1878 729 1953 769 effu
1959 731 2026 783 git.

1335 781 1562 822 Bonifacius
1591 785 1777 836 palatium
1809 786 1984 826 deserens
2004 784 2177 837 Africam
2226 807 2229 810 ⁴

1279 838 1441 880 invadit.

1283 907 1334 947 29
1609 922 1611 926 »

1282 962 1332 1002 30
1364 948 1568 989 Honorius
1589 947 1681 990 aeris
1699 946 1973 992 tricennalibus
1999 951 2072 993 suis
2092 952 2172 994 Ra·
2186 960 2221 999 H.
2238 942 2330 1012 περὶ

1278 1019 1413 1046 vennae
1428 1004 1544 1044 obiit.
2282 1010 2334 1072 133·
2360 1022 2363 1056 ς

1330 1060 1518 1100 Paulinus
1545 1059 1817 1106 nobilissimus,
1848 1062 1886 1100 &
1915 1061 2176 1114 eloquentiss'i-
2188 1057 2338 1109 Ortum
2360 1058 2363 1106 s³

1275 1128 1382 1162 mus,
1401 1115 1556 1156 dudum
1573 1114 1828 1157 conversione
1850 1116 1901 1155 ad
1919 1117 2044 1157 Deum
2065 1117 2176 1157 nobi·
2189 1115 2269 1138 ⁶⁶⁶¹·
2289 1108 2311 1169 .ᾗῖ
2334 1130 2338 1155 .·
2359 1128 2365 1149 ἰ

1275 1170 1352 1211 lior
1363 1170 1486 1212 faetus
1498 1199 1509 1218 ‚
1519 1171 1578 1211 vir
1590 1171 1847 1225 Apostolicus
1859 1200 1870 1218 ,
1885 1171 1997 1212 Nola
2008 1172 2176 1226 Campa-

1273 1227 1345 1266 niae
1356 1227 1564 1281 episcopus
1577 1227 1740 1268 habetur
1752 1224 1927 1278 infignis:
1948 1228 2175 1268 cuiThera-

1272 1281 1320 1322 fia
1332 1283 1382 1322 de
1403 1284 1577 1337 conjuge
1589 1283 1687 1324 faeta
1697 1283 1805 1322 soror
1814 1307 1826 1326 2
1845 1283 2074 1323 testimonio
2085 1285 2174 1324 vitae

1271 1337 1391 1378 beatae
1410 1350 1607 1393 aequatur,
1637 1342 1675 1379 δε
1691 1338 1841 1378 merito.
1882 1339 2027 1379 Extant
2046 1343 2176 1393 operis

1270 1392 1388 1446 ipfius
1402 1395 1551 1450 egregii
1563 1393 1688 1436 studia
1700 1394 1962 1446 praedicanda.

1326 1449 1367 1489 R
1378 1464 1404 1489 o
1418 1465 1451 1489 M
1465 1464 1485 1489 A
1503 1466 1528 1491 N
1540 1464 1567 1490 o
1582 1464 1606 1490 R
1617 1464 1646 1490 U
1660 1464 1693 1489 M
1722 1465 1779 1490 xr„
1792 1464 1815 1489 i.
1835 1449 2087 1491 Theodosius
2098 1451 2175 1491 Ar-

1271 1504 1377 1545 cadii,
1392 1504 1494 1546 filius
1510 1517 1602 1546 ante
1623 1505 1777 1559 aliquot
1805 1519 1929 1546 annos
1948 1520 2111 1559 regnans
2130 1509 2172 1547 in

1269 1560 1444 1613 partibus
1455 1562 1644 1609 Orientis,
1654 1560 1844 1601 defuneto
1855 1573 1976 1613 patre,
1987 1563 2076 1615 post
2088 1564 2173 1603 obi-

1269 1627 1355 1655 tum
1366 1616 1542 1657 Honorii
1555 1617 1966 1669 patrui,monarchiam
1977 1630 2087 1659 tenet
2099 1620 2171 1658 im-

1271 1671 1393 1724 perii,
1406 1675 1495 1713 ciim
1506 1672 1597 1713 effer
1607 1686 1799 1712 annorum
1813 1673 1951 1725 viginti
1961 1672 2034 1713 sex.

1324 1726 1499 1778 Joannes
1507 1729 1637 1782 arripit
1650 1728 1907 1781 tyrannidem.

1276 1795 1293 1820 1
1327 1781 1588 1823 Theodosius
1599 1783 1919 1824 Valentinianum
1932 1810 1944 1830 ,
1965 1781 2090 1823 arnitae
2100 1783 2175 1825 suae

1270 1835 1455 1876 Placidiae
1467 1837 1605 1884 filium,
1617 1837 1971 1889 Constantinopoli
1983 1838 2176 1881 Caesarem

1269 1887 1385 1938 facit,
1406 1895 1445 1931 <Sc
1458 1903 1594 1933 contra
1608 1893 1804 1944 Joannem
1826 1893 1959 1932 mittit.
1977 1892 2045 1932 sub
2056 1908 2140 1948 quo
2152 1896 2174 1935 a.

1270 1945 1438 1989 ducibus
1447 1978 1458 1996 ,
1471 1950 1643 2002 quicum
1653 1962 1704 1987 eo
1715 1961 1782 2002 per
1791 1947 2065 1992 Theodosium
2076 1950 2174 1992 miffi

1269 1999 1445 2051 fuerant,
1464 2004 1571 2057 apud
1590 2003 1823 2045 Ravennam
1843 2004 1973 2056 primo
1989 2018 2094 2044 anno
2114 2006 2173 2046 in-

1271 2058 1365 2097 vasae
1376 2059 1592 2113 tyrannidis
1600 2059 1850 2105 occiditur‚&
1861 2057 1975 2098 Felix
1986 2058 2174 2102 Patricius

1271 2114 1476 2154 ordinatur
1486 2127 1535 2153 ex
1550 2113 1744 2167 Magistro
1752 2114 1933 2154 militum.
2269 2143 2272 2146 -

1327 2168 1629 2211 Valentinianus
1646 2197 1658 2217 ‚
1677 2170 1750 2223 qui
1769 2179 1848 2209 erat
1859 2168 1985 2209 Caesar
1995 2198 2008 2218 ,
2026 2169 2170 2213 Romae
2229 2210 2231 2213 .
2268 2183 2275 2198 *¹

1271 2223 1469 2276 Augustus
1484 2224 1711 2278 appellatur.

1323 2279 1512 2320 Wandali
1541 2281 1751 2320 Balearicas
1777 2278 1914 2319 insulas
1935 2279 2165 2332 depraedan·

1267 2346 1341 2375 tur:
1354 2336 1497 2376 deinde
1508 2336 1749 2388 Carthagine
1759 2334 2001 2387 Spartaria,&
2013 2335 2168 2389 Hispali

1268 2391 1421 2437 eversa,
1445 2395 1482 2431 δε
1498 2391 1695 2445 Hispaniis
1705 2391 1957 2443 depraedatis,
1979 2392 2166 2432 Maurita-

1268 2447 1372 2486 niam
1385 2447 1588 2487 invadunt.

1272 2515 1291 2542 2
1324 2501 1516 2555 Romanae
1526 2501 1698 2544 ecclesia:
1717 2516 1797 2542 xri.
1822 2500 2000 2555 praesidet
2021 2502 2171 2555 episco-

1270 2571 1345 2611 pus
1356 2558 1599 2599 Caelestinus.
1621 2564 1627 2570 '

1270 2684 1298 2722 4
1326 2669 1578 2710 Gundericus
1588 2681 1658 2708 rex
1670 2666 1959 2708 Wandalorum
1969 2678 2080 2720 capta
2094 2665 2170 2707 Hi·-

1271 2726 1380 2779 spali‚
1393 2728 1479 2766 cum
1491 2724 1610 2778 impie
1622 2723 1745 2763 elatus
1754 2752 1765 2770 ,
1774 2724 1957 2762 manusin
1969 2722 2168 2763 ecclefiam

1268 2780 1560 2835 civitatisipsius
1570 2777 1818 2825 extendisset,
1827 2791 1921 2819 mox
1933 2777 2007 2818 Dei
2014 2778 2169 2830 judicio

1269 2837 1451 2877 daemone
1471 2846 1674 2887 correptus
1685 2835 1844 2874 interiit.
1863 2833 1941 2872 Cui
1952 2833 2168 2873 Gaisericus

1267 2891 1383 2932 frater
1394 2891 1571 2932 succedit
1581 2891 1621 2929 in
1638 2903 1773 2942 regno.
1795 2890 1876 2940 Qui
1890 2899 1933 2928 ut
1943 2889 2166 2938 aliquorum

1268 2947 1405 2987 relatio
1420 2946 1557 2993 habet,
1575 2943 1731 2985 efficias
1742 2946 1914 2998 apostata
1933 2944 1984 2983 de
1997 2942 2075 2984 fide
2086 2945 2165 2984 Ca-

1267 3003 1421 3043 tholica
1433 3003 1472 3043 in
1484 3003 1665 3042 Arianam
1676 3001 1803 3041 mistus
1814 2999 1869 3040 est
1878 2999 2040 3039 transiffe
2051 2997 2167 3053 perfi-

1267 3058 1383 3098 diam.

1267 3125 1287 3165 ε,
1322 3113 1541 3153 Gaisericus
1553 3124 1617 3152 rex
1633 3111 1681 3151 de
1693 3111 1842 3150 Baeticae
1851 3109 2062 3163 provinciae
2071 3108 2162 3148 lito-
2174 3125 2283 3154 omui.
2322 3108 2325 3113 '
2345 3106 2351 3138 ἵ

1265 3182 1306 3208 re
1319 3182 1408 3209 cum
1428 3168 1633 3209 Wandalis
1654 3163 1858 3211 omnibus,
1876 3165 2092 3216 eorumque
2103 3162 2158 3204 fa·
2171 3170 2253 3194 00⁶³·

1262 3225 1399 3273 miliis,
1422 3223 1547 3263 mense
1557 3223 1670 3273 Majo
1680 3221 1728 3261 ad
1742 3220 2013 3260 Mauritaniam
2025 3246 2036 3265 ,
2057 3225 2095 3260 Sc
2107 3221 2162 3258 A-

1263 3278 1398 3319 fricam
1417 3279 1557 3319 relistis
1568 3276 1696 3317 transit
1717 3276 1924 3328 Hispaniis.
1945 3274 2028 3326 Qi
2040 3274 2162 3327 prius-

1266 3336 1383 3388 quam
1404 3332 1644 3388 pertransiret
1654 3361 1665 3379 ‚
1695 3331 1920 3371 admonitus
1952 3329 2159 3382 Hermiga-

1261 3391 1538 3431 riumSuevum
1551 3388 1696 3429 vicinas
1706 3388 1745 3429 in
1757 3384 1911 3426 transitu
1924 3384 1992 3424 suo
2003 3398 2159 3438 provin-

1265 3446 1343 3485 cias
1354 3445 1565 3500 deptaedari
1577 3473 1588 3492 ,
1607 3441 1756 3484 recursu
1769 3455 1858 3483 cum
1868 3440 2158 3535 aliqua¹¹{⁵{⁰i³

2049 3505 2089 3535 ac
2109 3508 2153 3541 o,
2189 3539 2195 3544 ,
