2366 4040
688 236 1534 296 CHRONICON.

231 334 330 376 'safra
341 330 555 373 recluditur
566 356 578 377 ,
596 331 633 368 ὃς
655 326 746 365 alias
759 325 935 365 civitates
953 335 1074 377 atque

234 389 387 432 castella
404 387 537 428 secum
554 393 692 425 contra
719 392 868 434 patrem
890 379 1075 420 rebellare

235 446 340 487 facit.
354 445 454 494 Quae
465 438 584 482 caussa
596 440 634 478 in
657 437 864 491 provincia
876 434 1074 486 Hispaniae

234 519 314 547 tam
325 501 465 544 Gothis
475 524 486 544 ,
498 508 615 549 quam
628 492 817 533 Romanis
828 492 981 543 majoris
994 493 1076 532 exi-

235 563 279 602 tii
293 591 303 607 ,
322 568 434 613 quam
454 550 756 592 adversariorum
777 546 976 586 infestatio
986 547 1075 588 fuit.

238 612 435 657 Novellus
448 601 740 661 Complutensis
762 601 980 656 Episcopus
1000 604 1078 644 cla-

236 685 299 712 rus
314 665 483 709 hab'etur.
859 714 866 720 .
919 714 925 720 ·
945 709 1003 713 ἡ

181 728 299 767 Anno
313 724 353 763 ff
367 718 532 763 Tiberii,
543 716 613 770 qui
627 716 681 755 est
694 713 926 771 Leovegildi
944 733 1001 753 xii
1015 728 1078 754 an-

233 793 318 826 nus,
333 774 550 817 Mauricius
562 771 747 824 Magister
759 770 924 810 militum
935 771 1080 810 Orien-

231 837 279 875 tis
292 843 429 873 contra
443 828 570 870 Persas
579 828 725 869 bellum
740 836 887 872 movet,
901 829 938 866 ὃς
949 826 1079 878 repul-

231 890 265 930 sa
280 888 476 930 Persarum
490 883 746 924 multitudine
760 882 799 920 in
817 881 986 921 Oriente
997 881 1078 920 hie-

232 946 364 986 mavit.
379 939 640 992 Leovigildus
654 937 742 976 Rex
757 938 794 975 in
807 936 939 975 urbem
950 936 1078 974 Tole-

232 1013 362 1041 tanam
401 996 607 1050 Synodum
646 991 932 1044 Episcoporum
961 989 1080 1030 See'tae

238 1057 411 1096 Arrianae
424 1060 661 1105 congregat,
684 1051 722 1087 &
743 1047 944 1100 antiquam
965 1045 1082 1085 haere-

236 1113 302 1152 sim
323 1108 486 1150 novello
514 1118 641 1146 errore
660 1102 845 1143 emendat
865 1102 1001 1142 dicens
1027 1099 1078 1139 de

235 1169 418 1208 Romana
441 1158 689 1214 religionead
711 1157 881 1196 nostram
891 1155 1077 1196 Catholi-

234 1236 320 1264 cam
334 1220 455 1260 fidem
471 1217 671 1257 venientes
685 1226 763 1251 non
781 1211 924 1252 debere
945 1212 1074 1264 bapti-

235 1279 313 1319 zari
325 1305 335 1324 ‚
356 1275 421 1314 sed
435 1268 710 1313 tantummodo
721 1281 789 1320 per
801 1281 932 1308 manus
943 1268 1075 1320 impo-

234 1334 435 1376 sitionem,
474 1332 511 1367 ὃ(
534 1324 828 1365 communionis
849 1325 1079 1376 praeceptio·

235 1401 322 1429 nem
336 1385 362 1411 'x‘
374 1384 549 1439 pollui&
560 1381 724 1435 gloriam
737 1379 840 1418 Patri
853 1392 922 1432 per
931 1378 1079 1418 Filium

233 1446 272 1484 in
292 1442 435 1495 Spiritu
451 1436 581 1479 santio
600 1435 741 1475 *dare
774 1436 846 1473 Per
864 1434 963 1474 hanc
984 1448 1078 1486 ergo

233 1497 505 1540 seductionem
516 1491 677 1546 plurimi
690 1489 911 1530 nostrorum
922 1491 1079 1543 cupidi-

233 1557 325 1595 date
337 1552 468 1606 potius
496 1546 650 1603 impulsi
664 1548 703 1586 in
718 1548 921 1586 Attianum
933 1546 1081 1599 dogma

235 1610 447 1651 declinant.
646 1611 649 1614 ’
1001 1658 1014 1660 “

181 1669 299 1708 Anno
319 1661 541 1708 VTiberii,
565 1660 636 1714 qui
663 1658 718 1699 est
746 1657 982 1712 Leovegildi
1001 1658 1079 1694 xffr

240 1734 363 1762 annus
377 1748 387 1766 ,
413 1716 667 1770 Longobardi
678 1716 716 1754 in
730 1714 838 1754 Italia
852 1713 1004 1767 Regem
1015 1713 1084 1754 fibi

244 1790 293 1817 cx
314 1777 384 1816 suo
403 1786 547 1828 genere
573 1772 725 1824 eligunt
745 1770 944 1810 vocabulo
966 1771 1086 1810 Anta-

246 1831 352 1878 rich,
373 1824 482 1878 cujus
495 1840 672 1880 tempore
692 1829 729 1865 ὃ(
751 1826 894 1865 milites
913 1824 1086 1864 Romani

247 1888 414 1926 omnino
435 1884 520 1921 sunt
539 1879 644 1920 caesi:
677 1883 715 1918 δε
744 1880 935 1919 terminos
966 1878 1088 1918 Italiae

247 1938 505 1990 Longobardi
515 1936 582 1976 sibi
592 1945 802 1988 occupant.
815 1933 1089 1975 Sciavinorum

248 1984 554 2050 gens‘lllyricum
569 2019 580 2038 ,
591 1995 626 2031 δε
636 1989 826 2030 Thracias
838 1988 996 2030 vastant.

191 2050 458 2103 Leovegildus
481 2048 567 2087 Rex
587 2055 733 2099 partem
745 2043 951 2084 Vasconiae
971 2058 1092 2085 occu-

244 2117 325 2161 pat,
339 2109 376 2145 ὄε
388 2104 598 2147 civitatem,
610 2115 699 2155 quae
712 2100 982 2141 vietoriacum
995 2113 1091 2140 nun-

243 2171 428 2215 cupatur,
448 2156 642 2199 condidit.
677 2155 860 2196 Tiberius
872 2154 1091 2207 Imperator

245 2216 438 2268 Magistro
456 2212 624 2257 militum
643 2211 822 2252 Orientis
845 2208 964 2250 filiam
985 2209 1090 2251 suam

251 2275 290 2312 in
302 2272 535 2323 coniugium
548 2267 679 2307 tradit.
1011 2318 1085 2323 ,Μ

196 2329 313 2368 Anno
337 2327 375 2365 {11
392 2325 566 2369 Tiberii,
599 2322 668 2376 qui
687 2320 742 2362 est
758 2321 999 2376 >Leovegildi
1022 2336 1090 2358 xxv

249 2395 397 2429 annus,
415 2380 598 2420 Tiberius
621 2379 712 2418 vitae
723 2379 934 2418 terminum
954 2377 1086 2422 dedit,

248 2443 286 2477 &
299 2438 512 2477 Mauricius
523 2448 595 2488 pro
617 2447 666 2473 eo
676 2432 950 2473 Romanorum
963 2432 1089 2485 Impe-

247 2506 348 2533 rator
364 2491 543 2532 efficitur.

191 2547 230 2588 R
243 2562 267 2587 o
279 2563 311 2588 M
325 2562 346 2586 A
362 2563 385 2586 N
400 2561 427 2587 o
440 2562 463 2587 R
475 2561 501 2586 U
514 2560 548 2585 M
578 2544 626 2582 ἶν
657 2542 914 2583 ΜΑυκιειυε
954 2551 1089 2595 regnat

244 2617 366 2643 annos
377 2603 420 2640 xx
433 2599 698 2653 Leovegildus
709 2598 798 2648 Rex
811 2599 1028 2638 exercitum
1038 2597 1088 2636 ad

244 2660 551 2711 expugnandum
562 2667 767 2708 tyrannum
788 2652 910 2692 filium
923 2654 1085 2705 colligit.

193 2715 310 2754 Anno
338 2727 433 2761 ergo
454 2713 580 2764 primo
603 2708 787 2748 Mauricii
818 2708 1090 2759 Imperatoris,

247 2770 318 2821 qui
331 2759 967 2817 effLeovegiidiRegisxssannus,
987 2762 1088 2801 Leo-

249 2825 431 2876 vegildus
461 2823 547 2862 Rex
585 2820 782 2858 civitatem
815 2816 1087 2870 Hispalensem

249 2889 490 2930 congregato
504 2875 680 2915 exercitu
693 2871 895 2920 obsidens<
905 2872 1087 2912 rebellem

251 2929 700 2984 filiumgraviobsidione
713 2927 940 2968 concludit:
963 2928 1001 2966 in
1021 2941 1088 2967 cu-

248 2987 309 3039 jus
322 2983 787 3025 solatioMiroSuevorum
798 2982 889 3024 Rex
901 2984 950 3022 ad
966 2996 1088 3035 expu-

247 3041 443 3094 gnandam
456 3038 647 3091 Hispalim
657 3039 828 3084 devenit,
838 3038 1084 3091 ibiquediem

247 3095 380 3135 clausit
392 3105 625 3134 extremum:
639 3093 702 3131 cui
715 3092 917 3132 Eburicius
931 3092 1032 3134 filius
1044 3094 1083 3131 in

246 3152 450 3202 provincia
462 3147 653 3188 Gallaeciae
664 3148 702 3186 in
716 3159 878 3199 regnum
896 3146 1081 3187 succedit.

249 3207 395 3246 Interea
421 3203 684 3256 Leovegildus
709 3201 800 3241 Rex
829 3200 1083 3253 supradictam

247 3261 446 3301 civitatem
460 3272 565 3298 nunc
579 3256 680 3297 fame
693 3285 703 3305 ‚
715 3271 819 3297 nunc
839 3254 942 3295 ferro
954 3285 964 3302 ,
977 3270 1082 3297 nunc

242 3313 354 3356 Baetis
366 3312 617 3355 conclusione
627 3313 793 3352 omnino
804 3311 1026 3352 conturbat.

183 3371 300 3411 Anno
314 3371 351 3407 ιῑ
364 3369 548 3410 Mauricii
560 3367 820 3421 Imperatoris,
833 3369 902 3420 qui
913 3367 967 3406 est
979 3367 1078 3406 Leo-

233 3425 383 3477 vegildi
406 3429 637 3469 xvfannuS,
662 3422 928 3476 Leovegildus
947 3435 1077 3463 muros

230 3479 374 3520 Italica:
387 3479 555 3531 antiquae
576 3478 746 3518 civitatis
762 3478 962 3517 restaurat:
984 3491 1073 3532 quae

231 3549 289 3576 res
301 3535 510 3576 maximum
520 3532 845 3586 impedimentum
857 3531 1070 3586 Hispalenii

32 1404 44 1417 '⁶
56 1403 131 1431 ablui

32 1452 118 1482 ’‘i-lari.

1974 266 2021 306 15

1172 321 1328 376 populo
1341 319 1532 360 exhibuit.
1553 319 1629 360 His
1650 320 1791 363 dicbus
1804 315 2019 364 Andecaui

1172 377 1361 418 Gailaecia
1373 377 1593 417 Suevorum
1605 389 1769 429 regnum
1789 391 1878 416 cum
1889 390 2022 431 tyran-

1174 433 1265 473 nide
1292 432 1462 472 assumit:
1490 435 1528 472 δε
1559 430 1818 486 sifeguntiam
1847 433 2019 474 relictam

1174 489 1346 529 Mironis
1369 487 1491 542 Regis
1512 488 1553 527 in
1584 490 1814 541 conjugium
1844 491 2022 542 accepit:

1174 543 1389 584 Eboricum
1407 556 1530 595 regno
1548 543 1698 595 privat,
1730 549 1773 583 δε·
1789 545 2023 584 Monasterii

1176 598 1413 639 monachum
1424 596 1530 638 facit.
1552 599 1820 653 Leovegildus
1833 600 1920 640 Rex
1937 599 2023 639 filio

1179 654 1496 707 Hermenegildo
1527 655 1577 693 ad
1607 654 1824 707 Rernpubl.
1854 656 2026 694 commi-

1177 722 1314 763 grante
1328 740 1338 756 ,
1353 710 1543 762 Hispalim
1555 712 1771 762 pugnando
1783 711 2022 763 ingreditur:

1179 765 1372 805 Civitates
1385 793 1397 813 ‚
1411 769 1447 804 ὅ(
1464 764 1655 812 Castella,
1676 780 1772 820 quas
1789 766 1892 807 filius
1903 779 2025 806 occu·

1178 832 1360 872 paverat,
1382 820 1489 870 cepit
1503 847 1515 866 ,
1536 823 1573 858 &
1587 835 1669 861 non
1684 823 1811 862 multo
1834 822 1923 875 post
1944 835 2027 861 me-

1179 887 1376 914 moratum
1410 875 1535 914 filium
1564 876 1603 913 in
1643 877 1891 918 Cordubensi
1929 877 2026 917 urbe

1177 930 1504 981 comprehendit,
1537 933 1576 968 ὃς
1606 944 1729 983 regno
1762 936 1959 986 privatum
1987 934 2027 973 in

1182 984 1345 1024 exilium
1359 984 1585 1025 Valentia-m
1599 988 1729 1026 mittit.

1121 1038 1343 1079 Mauricius
1356 1040 1574 1093 Imperator
1584 1042 2032 1098 contraLongobardos,

1177 1093 1352 1135 Francos
1362 1109 1435 1148 per
1447 1097 1686 1138 condustelc‘i
1697 1111 1853 1140 movet:
1867 1113 1956 1153 quae
1968 1115 2028 1143 res

1174 1151 1332 1203 utrique
1340 1153 1451 1204 genti
1464 1164 1541 1189 non
1559 1165 1676 1204 parva
1686 1154 1857 1195 contulit
1870 1157 2026 1200 damna,

1119 1205 1335 1258 Eutropius
1346 1206 1459 1245 Abba
1470 1206 1700 1248 Monasterii
1712 1209 1904 1251 Servitani
1916 1211 2029 1253 disci-

1173 1261 1289 1314 pulus
1301 1261 1418 1301 santii
1436 1262 1583 1301 Donati
1596 1263 1913 1307 clarushabetur.

1119 1317 1240 1356 Anno
1254 1317 1531 1364 11'1Mauricii,
1545 1318 1615 1371 qui
1628 1319 1683 1358 est
1697 1320 1931 1373 Leovegi'ldi
1943 1325 2027 1362 ᾗ

1177 1385 1299 1412 annus
1312 1402 1322 1418 ,
1352 1373 1571 1413 Mauricius
1584 1387 1655 1426 per
1668 1376 1800 1416 Duces
1811 1376 1913 1416 bellu
1921 1392 1957 1416 m
1970 1379 2031 1417 in-

1177 1426 1264 1468 fert.
1288 1427 1558 1482 Leovegildus
1571 1428 1661 1470 Rex
1675 1431 1879 1472 Gallaecias
1894 1433 2030 1472 vastat.

1178 1484 1425 1525 Andecanim
1446 1485 1601 1539 Regem
1621 1487 1950 1540 comprehensum
1968 1502 2032 1527 ,re-

1178 1553 1260 1593 gno
1273 1541 1410 1593 privat.
1431 1540 1650 1581 Suevorum
1674 1554 1831 1595 gentem
1845 1572 1855 1591 ,
1874 1543 2032 1584 thesau-

1179 1609 1265 1635 rum
1279 1624 1291 1643 ,
1307 1598 1519 1650 &patriam
1543 1594 1645 1638 suam
1661 1599 1697 1637 in
1719 1599 1957 1652 potestatem
1975 1614 2033 1639 re-

1181 1652 1305 1705 digit,
1334 1655 1373 1692 &
1393 1652 1622 1693 Gothorum
1654 1655 1903 1707 provinciam
1922 1654 2032 1695 facit.

1182 1707 1520 1763 Hermcnegildus
1539 1711 1577 1748 in
1598 1711 1693 1750 urbe
1714 1710 2033 1751 Tarraconensia

1183 1763 1620 1805 Sisbertointerficitur.

1128 1818 1750 1863 FranciGalliamNarbonensem
1762 1837 1958 1877 occupare
1969 1836 2035 1864 cu-

1185 1875 1338 1929 pientes
1348 1888 1438 1915 cum
1449 1877 1628 1917 exercitu
1640 1878 1851 1930 ingressi:in
1864 1892 2040 1932 quorum

1188 1929 1775 1985 congreffionemLeovegildus
1787 1933 2040 1975 Recaredum

1187 1983 1312 2025 filium
1334 1985 1492 2026 obviam
1522 1988 1702 2028 mittens:
1737 1991 1775 2028 &
1797 1988 2040 2031 Francorum

1187 2040 1242 2080 est
1251 2039 1298 2080 ab
1309 2055 1358 2081 eo
1370 2041 1562 2082 exercitus
1575 2042 1744 2096 repulsus
1754 2074 1764 2089 ,
1778 2047 1815 2084 &
1827 2046 2040 2098 provincia

1189 2094 1420 2137 *Galiaeciae
1430 2097 1478 2137 ab
1497 2111 1635 2138 eorum
1657 2097 1908 2141 infestatione
1926 2101 1981 2141 est
1992 2101 2040 2142 li-
2071 2111 2093 2134 ἑὲ
2108 2109 2212 2141 Gallie

1187 2149 1330 2192 beratass.
1344 2153 1480 2193 Castra
1492 2166 1589 2193 vero
1601 2156 1685 2194 duo
1697 2168 1821 2208 quum
1833 2157 1952 2195 nimia
1964 2157 2039 2196 ho-

1188 2206 1335 2247 minum
1346 2208 1600 2249 multitudine
1614 2223 1735 2250 unum
1748 2223 1862 2263 pace,
1875 2213 2039 2253 alterum

1187 2261 1295 2301 bello
1307 2275 1490 2317 occupat.
1519 2265 1701 2304 Casti-uni
1713 2279 1833 2315 vem,
1857 2269 1927 2321 qui
1951 2269 2041 2308 Ho-

1187 2318 1327 2358 dierno
1337 2331 1502 2359 vocatur
1514 2351 1523 2367 ‚
1537 2320 1765 2361 tutillinium
1776 2323 1890 2363 valde
1902 2324 1941 2363 in
1955 2325 2038 2377 ripa

1188 2372 1348 2415 Rodani
1359 2374 1530 2416 fluminis
1542 2377 1724 2429 ponitur:
1739 2379 1851 2431 quod
1865 2379 2040 2420 Recare-

1186 2428 1352 2471 dusRex
1364 2429 1564 2471 fortillima
1574 2445 1707 2485 pugna
1719 2434 1917 2487 aggressus
1930 2436 2038 2476 obti-

1188 2486 1287 2525 nuit:
1302 2490 1339 2526 &
1354 2485 1480 2526 vietor
1491 2487 1540 2525 ad
1553 2499 1701 2539 patrem
1719 2490 1967 2544 patriamque
1980 2505 2035 2530 re-
2070 2499 2075 2504 '

1186 2539 1259 2579 dit.
1274 2542 1438 2595 Andeca
1458 2555 1551 2581 vcro
1574 2556 1695 2596 regno
1707 2544 1879 2596 privatus
1893 2545 2036 2586 tonde-

1186 2601 1301 2643 tur9&
1312 2597 1464 2635 honore
1472 2597 1681 2650 Presbyteri
1693 2599 1781 2651 post
1792 2614 1953 2652 regnum
1965 2602 2035 2640 lio-

1187 2663 1357 2692 noratur.
1373 2651 1473 2690 Non
1488 2653 1649 2692 dubium
1669 2655 1782 2706 quod
1794 2656 1832 2695 in
1845 2656 2034 2695 Eiborico

1186 2703 1310 2758 Regis
1323 2705 1406 2746 filio
1416 2720 1503 2759 rege
1514 2706 1577 2746 suo
1588 2706 1944 2761 fecerat‚patitur:&
1953 2714 2034 2751 exi-

1188 2760 1245 2798 lio
1262 2760 1421 2801 Pacensi
1432 2761 1526 2801 urbe
1537 2762 1743 2815 relegatur.
1768 2765 2031 2808 Malaricusin

1185 2816 1372 2856 Gallaecia
1389 2817 1634 2870 tyrannidem
1646 2817 1832 2860 assumens
1850 2822 1957 2876 quasi
1973 2837 2030 2862 re-

1185 2884 1304 2923 gnare
1316 2871 1423 2910 vult:
1445 2873 1515 2924 qui
1527 2873 1648 2912 statim
1663 2876 1684 2912 ὰ
1701 2875 1871 2916 Ducibus
1885 2878 2030 2918 Leove-

1185 2927 1285 2980 gildi
1297 2925 1494 2979 oppressus
1504 2929 1849 2981 comprehenditur
1859 2962 1869 2978 ,
1883 2937 1919 2972 ὃς
1930 2934 2028 2973 Leo-

1185 2982 1348 3034 vegildo
1377 2983 1527 3022 vincius
1556 2982 1813 3035 praesentatur.
1848 2988 2027 3029 Leander

1184 3035 1420 3089 Hispalensis
1432 3037 1574 3077 Eccles
1585 3039 1839 3090 Episc.clarus
1851 3043 2026 3090 habetur,

1125 3092 1244 3131 Anno
1258 3094 1298 3131 ἶν’
1310 3093 1492 3132 Mauricii
1508 3092 1766 3143 Imperatoris,
1776 3099 1846 3151 qui
1858 3099 1912 3138 est
1926 3100 2022 3139 Leo-

1181 3147 1329 3197 vegildi
1341 3147 1462 3200 Regis
1474 3163 1553 3184 xv11
1563 3167 1572 3185 1
1589 3155 1909 3194 annus,Antliane
1922 3155 2023 3195 Lon-

1177 3203 1442 3254 gobardorum
1475 3201 1563 3242 Rex
1593 3219 1681 3245 cum
1706 3207 1897 3250 Romanis
1928 3224 2021 3250 con—

1179 3257 1369 3310 greffione
1381 3256 1477 3299 fasta
1490 3257 1638 3310 superat
1655 3290 1666 3308 ,
1685 3266 1722 3302 &
1735 3263 1825 3303 caesa
1845 3265 2019 3305 multitu-

1177 3313 1271 3353 dine
1292 3313 1458 3353 militum
1480 3312 1750 3358 Romanorum
1780 3319 1902 3360 ltaliae
1924 3320 2019 3361 fines

1177 3379 1362 3421 occupat.

1121 3421 1216 3462 Hoc
1236 3437 1341 3463 anno
1362 3423 1622 3476 Leovegildus
1645 3426 1732 3468 Rex
1752 3429 1858 3469 diem
1883 3428 2016 3469 clausit

1175 3489 1392 3518 extremum
1407 3483 1463 3519 z&
1474 3480 1575 3521 filius
1586 3485 1670 3534 ejus
1688 3483 1913 3523 Recaredus
1925 3499 2015 3524 cuni

1164 3533 1446 3587 tranquillitate
1459 3538 1569 3587 regni
1582 3539 1662 3591 ejus
1673 3538 1785 3579 sumit
1802 3538 1960 3593 sceptra.

1498 3592 1540 3632 X
1893 3595 2013 3633 Anno}
