2912 4368
0 2517 54 2572 ln‘pi'n
115 2535 121 2542 ³

749 365 1594 434 ci—rRoNICON.
2032 388 2077 447 23

172 499 180 510 ,
240 468 342 512 facto
356 499 366 516 ,
383 467 619 521 praedantem
634 466 672 505 in
689 462 922 504 Lufitatania
932 461 1139 514 consequi-

239 522 512 577 tur.Quihaud
527 522 665 575 procul
677 522 726 560 de
739 519 1036 571 Emerita,quam
1051 530 1140 556 cum

239 583 276 622 S.
292 581 462 633 martyris
476 576 776 627 Eulaliaeinjuria
797 574 987 627 spreverat
999 601 1012 620 ,
1026 631 1029 632 γ
1042 573 1139 610 mul-

239 639 290 679 tis
302 652 370 691 per
382 634 619 676 Gaisericum
631 630 734 671 Caesls
744 659 755 677 ,
768 644 814 669 ex
829 629 886 668 his
898 642 1000 681 quos
1011 628 1140 688 secum

242 694 420 739 habebat,
433 700 583 740 arrepto
594 715 605 733 ,
615 698 654 725 ut
662 687 833 739 putavit,
850 685 954 722 Euro
967 683 1142 723 velocius

241 748 345 802 fugae
364 745 549 787 sublidio,
571 743 609 780 in
622 742 780 782 flumine
797 740 883 793 Ana
900 738 1042 777 divino
1061 738 1142 777 bra-

243 806 337 845 chio
354 799 610 856 praecipitatus
630 797 790 836 interiit.
825 794 921 844 Quo
947 795 1000 833 ita
1017 794 1141 833 extin-

243 861 307 901 &0
320 890 332 910 ‚
354 868 444 898 mox
458 854 539 908 quo
550 862 721 905 coeperat
734 849 951 889 Gaisericus
962 851 1142 903 enaviga-

246 928 312 956 vit.

245 972 269 1011 6
297 966 413 1009 Suevi
425 964 490 1005 sub
507 963 742 1004 Hermerico
757 974 848 1014 rege
859 960 1005 1000 medias
1016 970 1144 1012 partes

242 1024 434 1066 Gallaeciae
456 1021 742 1073 depraedantes,
771 1032 838 1071 per
857 1017 1032 1070 plebem,
1058 1029 1145 1068 quae

242 1079 396 1120 castella
416 1078 560 1118 tutiora
577 1074 765 1114 retinebat
776 1103 788 1120 ‚
803 1073 883 1113 adra
896 1073 1046 1110 suorum
1060 1083 1142 1121 par-

241 1138 313 1183 tim
326 1134 444 1179 caede,
457 1132 597 1185 partim
611 1130 852 1181 captivitate,
863 1138 1011 1179 pacem,
1024 1137 1141 1176 quam

241 1201 422 1244 ruperant
432 1219 442 1236 ,
455 1188 685 1227 familiarum
697 1215 707 1232 ,
725 1198 811 1237 quae
822 1181 1054 1223 tenebantur
1066 1210 1075 1227 ,
1087 1192 1144 1218 re-

244 1248 437 1287 hibitione
448 1243 672 1283 instaurant.

301 1302 373 1341 Per
396 1300 551 1340 A'e'rium
579 1296 778 1336 Comitem
809 1306 888 1332 non
916 1290 1054 1345 procul
1090 1290 1142 1330 de

247 1358 403 1398 Arelate
432 1354 610 1408 quaeiam
655 1350 884 1389 Gothorum
914 1359 1045 1386 manus
1073 1360 1142 1385 ex-

245 1414 435 1466 tinguitur
447 1437 458 1456 ,
470 1404 643 1448 Anaolfo
654 1406 845 1458 optimate
855 1416 993 1443 eorum
1007 1412 1138 1453 capto.

244 1468 432 1521 luthungi
452 1477 519 1519 per
530 1475 619 1502 eum
633 1459 802 1500 similiter
811 1458 1078 1503 debellantur,
1100 1461 1138 1497 &

248 1524 369 1565 Nori.

300 1574 416 1619 Felix‘
433 1576 502 1630 qui
514 1573 717 1613 dicebatur
734 1570 922 1610 Patricius
939 1568 1139 1610 Ravenna:

244 1634 413 1676 tumultu
428 1631 621 1672 occiditur
634 1626 802 1667 militari.

246 1704 268 1746 7
299 1689 529 1730 AetiusDux
543 1684 737 1736 utriusque
748 1680 1037 1721 militiaeNoros
1047 1679 1143 1720 edo·
1159 1726 1162 1729 ¹

245 1756 324 1786 mat
336 1744 574 1785 rebellantes.
595 1738 759 1779 Rursum
776 1737 896 1777 Suevi
907 1736 1040 1775 initam
1053 1748 1143 1775 cum

245 1801 424 1842 Gallaecis
442 1811 576 1852 pacem
600 1795 716 1836 libata
728 1793 795 1833 sibi
814 1791 1021 1832 occasione
1046 1805 1143 1830 con-

243 1856 409 1898 turbant.
435 1854 502 1894 Ob
515 1863 684 1906 quorum
703 1849 1037 1908 depraedationem
1052 1846 1143 1885 Ida-

240 1913 316 1953 tius
327 1910 532 1965 episcopus
541 1908 592 1947 ad
606 1906 762 1946 Aetium
773 1904 1012 1955 ducem‚qui
1022 1915 1137 1964 expe-

242 1969 434 2008 ditionem
445 1965 583 2015 agebat
596 1963 634 2001 in
645 1960 798 2005 Galliis,
809 1959 964 2011 suscipit
976 1958 1140 2009 legatio-

242 2037 342 2063 nem.
365 2010 507 2065 Vetto,
530 2014 662 2070 quide
679 2014 825 2054 Gothis
837 2013 976 2053 dolose
987 2012 1037 2050 ad
1049 2011 1140 2071 Gal-

244 2078 392 2118 laeciam
403 2083 559 2116 venerat
570 2100 582 2120 ,
593 2070 672 2111 sine
684 2069 820 2122 aliquo
830 2067 968 2108 effectu
979 2067 1078 2107 redit
1089 2068 1140 2106 ad

245 2133 418 2174 Gothos.
953 2178 960 2186 .

245 2190 267 2229 8
299 2187 491 2240 Superatis
504 2183 736 2239 pei-Aetium
747 2181 787 2220 in
801 2189 1012 2220 certamine
1023 2178 1141 2218 Fran-

243 2247 301 2285 cis
313 2271 325 2291 ‚
337 2247 373 2282 &
389 2244 426 2282 in
441 2255 535 2295 pace
545 2237 750 2288 susceptis,
765 2234 1141 2275 CensoriusComes

244 2301 395 2353 legatus
415 2293 638 2336 mittiturad
649 2292 818 2338 Suevos,
837 2288 1059 2342 supradiElo
1083 2288 1140 2328 se.

245 2353 476 2397 cumldatio
490 2351 696 2390 redeunte.-

303 2406 527 2448 Bonifacius
544 2407 584 2445 in
604 2402 893 2442 aemulationem
914 2399 1078 2440 Aetiide
1090 2400 1143 2440 A·-

249 2465 345 2506 frica
357 2477 426 2517 per
449 2461 660 2501 Placidiam
679 2468 866 2497 evocatus
877 2457 915 2495 in
928 2455 1079 2496 Italiam
1093 2456 1144 2496 ad

250 2521 434 2576 palatium
445 2515 644 2565 redit.Qi
654 2511 818 2566 depulso
831 2512 948 2551 Aetio
960 2511 1145 2551 inlocum

246 2578 331 2627 ejus
343 2573 549 2615 succedens
562 2599 572 2617 ,
584 2571 717 2623 paucis
727 2567 813 2621 post
824 2566 1033 2612 mensibuS,
1043 2567 1144 2607 inito

247 2623 1145 2675 adversumAe'tiumconfli&u,devulnere,quo

245 2687 371 2728 fuerat
392 2683 585 2737 percussus
604 2681 765 2721 interiit.
790 2679 873 2718 Cui
901 2678 1144 2726 Sebastianus

245 2756 367 2798 gener
379 2739 599 2780 substitutus
611 2750 677 2790 per
694 2736 853 2775 Aetium
867 2734 917 2773 de
930 2733 1077 2786 palatio
1087 2733 1143 2773 su-

245 2809 394 2852 peratus
404 2795 621 2844 expellitur.
912 2810 921 2816 x

245 2869 269 2906 q
304 2846 749 2900 Regreffo-Censorioad
762 2842 1145 2898 palatium‚·Herme-

247 2895 494 2960 ricuspacem
507 2919 596 2944 cum
609 2903 807 2948 Callaecis,
829 2913 932 2953 quos
954 2898 1144 2960 praedaba-

245 2974 307 3003 tur
319 2963 459 3002 affidu‘e
481 2961 548 2999 sub
574 2962 796 2999 interventu
820 2954 1144 3007 episcopalidatis

247 3017 315 3056 sibi
326 3015 508 3055 reformat
520 3013 728 3054 obsidibus.

305 3069 552 3125 Symphosius
562 3068 766 3120 episcopus
776 3079 843 3119 per
855 3079 944 3105 eum
957 3064 1006 3105 ad
1019 3066 1140 3105 comi-

249 3135 373 3167 tatum
393 3125 542 3177 legatus
562 3122 707 3168 missus,
728 3122 894 3162 rebusin
911 3120 1054 3161 cassum
1067 3122 1142 3161 fru-

251 3178 566 3230 straturarreptis.

302 3236 346 3275 In
359 3244 558 3275 conventu
579 3230 888 3273 Lucensscontra
898 3230 1143 3272 voluntatem

246 3290 413 3344 Agrestii
433 3288 612 3328 Lucensis
631 3286 823 3340 episcopi,
848 3284 1028 3325 Pastor&
1047 3286 1141 3339 Sya-

247 3349 351 3401 grius
361 3346 534 3398 episcopi
548 3344 788 3383 ordinantur.
858 3395 863 3400 .
890 3396 896 3401 ‚
1083 3395 1090 3401 .

301 3398 435 3440 Aetius
456 3401 548 3441 Dux
569 3395 770 3451 utriusque
785 3394 930 3436 militia:
949 3394 1137 3436 Patricius

248 3455 478 3511 appellatur:
696 3469 699 3473 ·

203 3542 210 3552 .
252 3529 298 3553 10
332 3509 673 3550 Sebastianusexul
698 3505 938 3561 &profugus
960 3506 1135 3554 effectus,

246 3568 402 3618 navigat
411 3566 460 3604 ad
473 3565 656 3617 palatium
668 3563 854 3605 Orientis,
1074 3590 1091 3597 Α.

297 3625 490 3663 Romanae
500 3620 668 3662 ecclesia:
688 3633 790 3661 xcii.
811 3617 974 3660 habetur
985 3616 1134 3672 episco-

250 3691 319 3733 pus
328 3676 489 3731 Xystus.

1189 476 1199 498 i
1216 474 1232 500 1
1281 459 1566 514 Hierosolymis
1588 460 1821 513 juvenalem
1850 461 2082 516 episcopum

1184 516 1387 569 praesidere
1396 545 1408 564 ,
1418 517 1604 557 Germani
1618 517 1832 570 presbyteri
1844 517 2018 558 Arabicae
2028 533 2082 558 re-

1184 574 1312 625 gionis
1325 574 1470 612 exinde
1491 573 1539 612 ad
1561 574 1784 613 Gallaeciam
1809 574 2020 620 venientis,
2043 578 2082 613 &

1184 629 1347 667 aliorum
1360 628 1589 668 Graecorum
1600 629 1788 668 relatione
1799 629 2062 683 com-petimus
2072 657 2085 676 ,

1185 684 1458 734 adjicientibus
1477 683 1868 736 Constantinopoli-m
1889 698 2082 725 eumcum

1186 738 1291 784 aliis,
1330 741 1368 777 &
1389 739 1595 778 Palaestinae
1616 741 1830 794 provinciae
1851 745 1888 780 &
1909 741 2086 780 Orientis

1185 790 1380 847 episcopis
1399 807 1608 835 evocatum
1623 825 1634 843 ‚
1656 796 1722 836 sub
1733 794 1930 851 praesentia
1947 795 2086 835 Theo-

1184 848 1282 889 dosii
1301 849 1467 903 Augusti
1481 879 1494 896 ,
1514 853 1716 891 contrasto
1737 851 2015 905 episcoporum
2029 853 2088 891 in·

1185 904 1355 946 terfuiffe
1375 906 1550 945 concilio
1572 908 1619 946 ad
1642 908 1919 948 destruendam
1932 907 2086 946 Hebio-

1186 962 1352 1001 nitarum
1367 960 1548 1008 haerefim,
1559 974 1673 1014 quam
1691 962 1900 1003 Nestorius
1911 962 2088 1016 ejusdem

1187 1016 1293 1056 urbis
1303 1016 1510 1067 episcopus
1527 1029 1649 1068 pravo
1670 1017 1892 1058 stultissima:
1909 1018 2018 1058 sthae
2029 1023 2089 1058 re'-

1186 1071 1386 1109 suscitabat
1400 1071 1575 1119 ingenio,

1242 1126 1338 1177 Qo
1351 1124 1442 1163 vero
1456 1134 1636 1176 tempore
1662 1125 1971 1179 sanffijoannes,
1993 1129 2089 1169 Hie-

1183 1192 1385 1235 ronymus,
1397 1183 1434 1218 &
1446 1180 1524 1226 alii,
1537 1193 1638 1233 quos
1653 1181 1760 1234 supra
1772 1184 1967 1230 diximus,
1979 1184 2088 1224 obie-

1184 1236 1284 1282 rint,
1307 1236 1367 1275 vel
1391 1234 1478 1288 quis
1495 1236 1640 1287 Joanni
1660 1250 1748 1279 ante
1769 1238 1993 1291 Iuvenalem
2007 1238 2092 1278 suc*

1184 1289 1332 1331 cesterit
1345 1319 1356 1338 ‚
1371 1289 1467 1330 sicut
1478 1294 1514 1329 Sc
1529 1290 1658 1332 fecisse
1670 1295 1878 1346 cognitum
1893 1294 1946 1334 est
1958 1295 1997 1333 in
2008 1294 2090 1334 bre*

1184 1346 1223 1386 vi
1246 1346 1432 1386 seniorem
1452 1349 1652 1399 quendam
1666 1377 1677 1395 ,
1697 1347 1935 1390 referentum
1963 1348 2089 1389 sermo

1185 1402 1418 1442 nonedidit.

1185 1472 1200 1497 1
1213 1472 1230 1497 2
1268 1457 1462 1497 Narbona
1474 1458 1640 1499 obsideri
1654 1471 1786 1513 coepta
1799 1473 1864 1512 per
1875 1459 2049 1501 Gothos.

1234 1513 1540 1566 Burgindiones
1554 1543 1565 1562 ‚
1575 1517 1644 1568 qul
1655 1517 1937 1557 rebellaverant
1950 1519 1992 1563 ,ὲ
2004 1517 2092 1556 Ro-

1182 1571 1305 1609 manis
1321 1571 1426 1610 duce
1440 1572 1560 1610 Aetio
1573 1571 1832 1612 debellantur.

1244 1625 1366 1671 Uno,
1388 1625 1615 1680 eodemque
1637 1638 1819 1679 tempore
1847 1627 2095 1669 Alexandriae
2112 1627 2246 1656 0⁸²³?ss

2052 1672 2058 1683 ⁸
2113 1674 2213 1694 cccxv.

1186 1681 1385 1734 Cyrillum
1413 1681 1644 1733 episcopum
1673 1682 1875 1735 praesidere
1888 1712 1900 1730 ,
1921 1688 1959 1723 &
1980 1684 2098 1723 Con—

1186 1736 1443 1788 stantinopoli
1456 1735 1691 1778 Nestoi-ium
1702 1737 1928 1778 haereticum
1943 1739 2097 1779 Hebio-

1187 1806 1323 1839 naeum,
1334 1791 1477 1846 Cyrilli
1488 1792 1603 1846 ipfius
1615 1795 1664 1833 ad
1676 1809 1723 1834 eu
1731 1798 1848 1833 ndem
1862 1794 2040 1848 epistola,
2054 1799 2095 1834 ὃς

1184 1847 1351 1887 h‘aeresim
1380 1847 1613 1890 destruentis
1625 1880 1636 1896 ‚
1657 1854 1693 1889 St
1715 1850 1889 1902 regulam
1911 1849 2006 1890 fidei
2025 1865 2096 1891 ex-

1183 1903 1371 1955 ponentis
1381 1903 1563 1945 ostendit.
1596 1905 1694 1946 Haec
1705 1919 1794 1946 cum
1805 1906 1886 1946 aliis
1903 1904 2095 1947 habentur

1182 1959 1310 1998 allata.
1635 1999 1638 2001 Α

1187 2026 1202 2052 1
1211 2028 1230 2067 3
1266 2013 1462 2055 Narbona
1470 2015 1676 2057 obsidione
1690 2017 1872 2057 liberatur
1880 2019 1998 2058 Aetio
2011 2019 2092 2059 Du·

1182 2083 1228 2108 ce
1240 2097 1252 2117 ,
1271 2073 1308 2108 ὅς
1333 2070 1526 2123 Magistro
1543 2073 1724 2112 militum.
1757 2073 2092 2126 Burgundionum

1182 2124 1276 2164 caesa
1287 2125 1428 2178 viginti
1441 2126 1573 2167 millia.

1235 2179 1382 2220 Rursus
1394 2181 1623 2232 Censorius,
1632 2186 1668 2222 &
1681 2183 1960 2225 Fretimundus
1972 2184 2092 2237 legati

1182 2236 1390 2275 mittuntur
1397 2237 1447 2276 ad
1459 2237 1619 2278 Suevos.

1187 2303 1238 2342 14
1262 2289 1495 2342 Gothorum*
1513 2292 1605 2332 caesa
1627 2293 1720 2333 osto
1743 2294 1863 2336 millia
1883 2294 1950 2335 sub
1970 2296 2089 2336 Aetio

1183 2345 1302 2385 duce.
1355 2369 1358 2371 Δ
1622 2386 1624 2388 .

1241 2400 1459 2442 Suevi'cum
1473 2414 1580 2455 parte
1593 2403 1715 2456 plebis
1727 2404 1933 2453 Gallaeciae,
1945 2407 2091 2460 cuiadf

1185 2455 1560 2512 versabantur,pacis
1567 2462 1653 2512 jura
1663 2459 1913 2502 confirmant.

1240 2512 1497 2553 Hermericus
1516 2529 1584 2554 rex
1607 2515 1747 2555 morbo
1778 2515 1983 2570 oppressus
2006 2517 2090 2558 Re-

1186 2568 1326 2607 chilam
1348 2567 1472 2608 fllium
1492 2568 1603 2610 suum
1624 2571 1816 2612 substituit
1833 2575 1873 2612 in
1902 2587 2089 2626 regnum:

1187 2624 1257 2677 qui
1280 2623 1536 2664 Andevotum
1557 2639 1645 2665 cum
1667 2626 1730 2666 sua
1741 2656 1753 2674 ,
1769 2642 1887 2681 quam
1910 2629 2093 2678 habebat,

1187 2693 1299 2718 manu
1309 2679 1357 2718 ad
1370 2679 1626 2732 Singilionem
1642 2682 1788 2723 ssaen'cae
1802 2683 1966 2724 fluvium
1981 2699 2090 2737 aper·

1186 2746 1230 2774 to
1240 2735 1368 2774 Marte
1379 2735 1588 2787 prostravit
1599 2756 1610 2783 3
1620 2773 1622 2775 ,
1633 2740 1784 2790 magnis
1798 2740 1879 2791 ejus
1890 2743 1972 2779 auri
1983 2745 2020 2779 δε
2035 2754 2090 2780 ar—

1185 2789 1294 2843 genti
1307 2791 1448 2842 opibus
1457 2793 1671 2843 occupatis,

1190 2857 1231 2894 15
1267 2845 1510 2896 Carthagine
1539 2845 1675 2886 fraude
1713 2847 1878 2901 decepta
1927 2851 2087 2890 decimo

1187 2911 1331 2952 quarto
1342 2899 1430 2938 Kal.
1447 2900 1648 2942 Novemb.
1662 2916 1822 2943 omnem
1832 2901 2007 2945 Africam
2017 2919 2088 2946 rex

1184 2954 1403 2994 Gaisericus
1413 2955 1571 2996 invadit.
1662 2978 1663 2981 =
1862 2977 1865 2979 >
1937 2987 1939 2993 ,

1236 3009 1350 3049 Bello
1363 3009 1543 3049 Gothico
1563 3010 1630 3049 sub
1645 3010 1865 3053 Theodore
1878 3027 1967 3067 rege
1979 3016 2087 3069 apud

1182 3064 1372 3106 Tolosam
1385 3089 1398 3113 ,
1417 3065 1583 3109 Litorius
1603 3065 1808 3108 Romanus
1821 3069 1923 3117 dux}
1945 3072 2088 3112 incon·
2149 3097 2154 3101 -

1183 3120 1316 3161 stultius
1326 3135 1416 3161 cum
1427 3123 1603 3161 auxiliari
1615 3135 1729 3162 manu
1743 3124 2002 3172 irruens‚ca:fis
2013 3128 2086 3172 his,-

1183 3175 1265 3228 ipse
1277 3177 1499 3216 vulneratus
1511 3179 1662 3230 capitur
1671 3205 1683 3225 ,
1701 3182 1738 3218 δε
1748 3179 1836 3231 post
1847 3180 2090 3236 diespaucos

1186 3232 1397 3272 occiditur.
1711 3281 1713 3284 ι
1867 3271 1871 3274 ,
1925 3247 1927 3250 ·
2065 3246 2069 3251 ’

1239 3287 1342 3327 Inter
1355 3287 1557 3331 Romanos
1569 3291 1606 3328 ὃ(
1620 3288 1778 3331 Gothos
1789 3302 1864 3341 pax
1876 3291 2056 3336 efficitur.

1235 3341 1455 3382 Gaisericus
1465 3344 1586 3382 elatus
1602 3345 1720 3396 impie
1734 3345 1992 3399 Episcopum,
2005 3352 2086 3390 cle-

1180 3396 1342 3449 ri‘imque
1353 3398 1607 3450 Carthaginis
1615 3400 1779 3451 depellit
1789 3415 1836 3440 ex
1846 3416 1890 3441 ea
1899 3407 1961 3449 ’,ἃ
1973 3406 2083 3454 juxta

1176 3451 1423 3504 prophetiam
1440 3453 1613 3494 Danielis
1623 3482 1634 3501 ‚
1647 3456 1853 3497 demutatis
1863 3457 2082 3501 ministeriis

1178 3506 1408 3555 san&orum,
1422 3507 1596 3549 ecclefias
1607 3509 1817 3554 catholicas
1826 3514 1943 3553 tradit
1954 3516 2085 3568 Arria-3

1177 3576 1249 3602 nis.

1175 3672 1215 3713 d·
1232 3617 1399 3677 Rechila
1418 3633 1483 3660 rex
1503 3617 1721 3662 Suevorum
1731 3621 1940 3664 Emeritam
1951 3624 2077 3678 ingre·

1204 3684 1294 3715 itur.
2128 3691 2134 3695 '

1909 3731 1955 3773 16
1977 3732 2070 3774 Gai<-

2268 0 2523 62 -:'·Q⁴{“

2535 18 2582 59 »γ’

2567 58 2581 66 .
