2366 4040
776 209 1177 256 EUSEBII
1235 206 1730 249 PAMPHILI

416 324 764 375 RoMqDoM.
1156 302 1909 346 CONS-ULUM.

391 427 620 480 Qaestione
630 436 717 463 orta
728 423 769 462 in
783 420 873 459 Asia
884 420 986 456 inter
997 413 1217 469 Episcopos
1228 447 1236 461 ,
1258 428 1308 453 an
1319 413 1541 454 secundum
1550 414 1682 469 legem
1693 413 1829 468 Moysi
1841 410 2138 466 quartadecima
2146 413 2212 453 die
2223 429 2327 458 mem

444 484 491 523 sis
505 482 649 521 Pascha
661 473 950 519 observandum
962 470 1071 516 effer,
1083 471 1225 512 Vi&or
1235 469 1429 511 Romanae
1438 471 1558 513 Vrbis
1570 470 1800 525 Episcopus,
1817 475 1853 509 &
1865 470 1908 510 N
1914 468 2330 521 arciffusjerosolvma„

448 553 547 584 rum,
562 538 786 589 Polycrates
795 542 970 582 quoque,
987 531 1024 567 ὅτ
1033 529 1215 574 Irenaeus,
1228 532 1264 567 ὃ(
1276 528 1495 583 Bacchylus
1506 529 1745 582 plurimique
1758 526 2017 566 Ecclesiarum
2029 525 2210 579 pastores,
2222 519 2331 582 {l'uod

449 597 505 636 eis
519 591 722 648 probabile
735 586 861 626 visum
873 583 1015 630 fuerat,
1029 585 1150 624 literis
1163 583 1381 625 ediderunt
1395 602 1402 625 :
1420 599 1588 639 quarum
1599 585 1793 624 memoria
1803 582 1854 623 ad
1865 596 1936 623 nos
1949 582 2069 636 usque
2080 583 2276 636 perdurat,

202 707 251 729 οι.
263 705 375 737 «κω,
396 701 440 735 V.
595 690 1024 754 (CXCVIII-Judaeum
1037 695 1075 731 &
1087 688 1367 730 Samariticum
1377 688 1526 730 bellum
1539 703 1708 731 motum.

394 798 453 831 VI.
595 755 761 828 lCXCIX.

394 895 473 930 VII.
598 892 680 933 2CC.

395 1000 564 1040 Severus
579 996 746 1038 Parthos
759 1029 767 1043 ‚
791 999 828 1035 &
843 993 1078 1034 Adiabenos
1087 991 1284 1046 superavit
1294 1019 1304 1037 ‚
1317 991 1544 1044 Arabasque
1556 992 1764 1032 interiores
1775 991 1829 1030 ita
1841 991 1988 1031 cecidit
1999 1025 2007 1038 ‚
2032 1006 2076 1032 ut
2085 996 2267 1050 regiones
2278 1010 2340 1036 eos

452 1070 540 1096 rum
558 1054 789 1094 Romanam
810 1051 1060 1106 provinciam
1078 1049 1230 1090 fecerit.
1264 1049 1335 1089 Ob
1355 1062 1441 1102 quae
1453 1049 1656 1089 Parthicus
1667 1053 1704 1089 &
1715 1048 1929 1094 Arabicus,
1942 1053 1979 1088 ὃς
1992 1050 2264 1092 Adiabenicus
2278 1068 2338 1093 co-

457 1112 716 1168 gnominatus
728 1109 793 1150 est.

403 1225 497 1260 VIII.
619 1224 707 1257 CCI.
829 1221 977 1262 Severo
990 1221 1227 1273 imperante,
1238 1218 1427 1259 Thermae
1441 1219 1659 1259 Severianae
1670 1217 1777 1273 apud
1790 1217 2050 1258 Antiochiam
2075 1223 2113 1260 &
2134 1219 2274 1261 Romae
2289 1221 2340 1263 fa-

886 1278 968 1324 &ae‚
982 1281 1019 1317 &
1032 1276 1309 1330 Septizonium
1324 1276 1560 1317 exaustum.
2115 1297 2130 1313 ι

212 1327 261 1348 ‘'L'
284 1325 390 1362 ‘cml‘
404 1325 463 1359 ῙΧ·
600 1358 603 1360 -
620 1322 726 1355 CCII·
829 1336 1027 1376 Romanae
1047 1332 1227 1373 Ecclefiae
1256 1333 1600 1386 quartusdecimus
1622 1331 1896 1387 episcopatum
1916 1331 2082 1386 suscepit
2102 1333 2138 1374 Z
2152 1334 2280 1375 EPH
2292 1335 2343 1375 Y-

402 1425 445 1458 X.
620 1422 740 1455 CCIII.
890 1391 1017 1432 RIN
1033 1388 1117 1430 VS‘

832 1448 1111 1491 Persecutione
1133 1446 1238 1487 inter
1261 1446 1506 1487 Christianos
1528 1446 1628 1486 fasta
1647 1445 1849 1487 Leonides
1867 1446 2059 1502 Origenis
2079 1459 2190 1501 pater
2201 1449 2342 1504 glorio-

888 1505 927 1546 sa
937 1504 1113 1559 martyrii
1125 1516 1253 1544 morte
1265 1503 1503 1544 transfertur.

674 1598 2052 1644 QUvINTAPERSECUTlo.

409 1680 467 1713 xl.
610 1660 875 1710 ‘cem‘
1172 1662 1173 1666 ’

221 1781 365 1817 moecxgz.
409 1780 486 1813 XII.
621 1775 731 1809 CCV.
833 1769 1067 1812 Alexander
1079 1770 1132 1809 ob
1144 1769 1430 1810 confessionem
1440 1769 1650 1809 Dominici
1665 1768 1840 1809 nominis
1850 1769 2011 1824 insignis
2021 1769 2202 1810 habetur.

409 1854 601 1924 Clemens
616 1882 739 1922 multa
752 1886 789 1922 &
798 1883 904 1922 varia
916 1881 1152 1936 conscripsit.
1449 1922 1450 1925 Ἴ

409 1939 603 1980 Musanus
611 1939 747 1980 nostrae
760 1938 1023 1994 Philosophiae
1034 1939 1200 1993 scriptor
1209 1937 1444 1993 agnoscitur.

408 2053 474 2094 IN
487 2052 618 2093 HOC
640 2051 817 2093 ANNO
830 2051 1142 2105 JOBELEVM
1163 2051 1201 2089 A
1221 2049 1552 2103 MAJORIBVS
1572 2047 1905 2089 INVENIMVS
1928 2049 2343 2105 OBSERVATVM,
2362 2081 2366 2094 .

434 2122 500 2163 ,11)
519 2120 624 2161 EST
648 2118 1017 2161 DVODECIMO
1041 2117 1217 2159 ANNO
1238 2117 1459 2165 SEVERI,
1472 2118 1547 2159 ET
1561 2138 1677 2160 cerii
1694 2117 2120 2160 ANTIOCHENAE
2141 2121 2319 2166 VRBIS.

222 2232 270 2255 οι,-
284 2229 398 2252 εΕΧῑῊ·
412 2229 507 2263 XIII.
620 2226 748 2260 CCVI.

414 2327 513 2362 XIV.
620 2326 759 2360 CCVII.

418 2431 571 2473 Clodio
594 2429 748 2470 Albino
761 2456 771 2475 ‚
791 2430 861 2484 qui
879 2428 915 2468 se
932 2430 973 2468 in
993 2428 1123 2468 Gallia
1136 2429 1328 2470 Caesarem
1340 2428 1505 2476 fecerat,
1516 2427 1725 2469 intersecto
1737 2428 1843 2483 apud
1856 2427 2101 2484 Lugdunum
2114 2459 2124 2477 ,
2136 2432 2344 2479 Severusin

476 2489 688 2530 Britannos
700 2486 848 2526 bellum
860 2485 1057 2531 transfert,
1068 2486 1149 2532 ubi,
1164 2498 1209 2526 ut
1218 2494 1392 2542 receptas
1403 2487 1629 2528 Provincias
1640 2486 1688 2524 ab
1701 2486 1920 2525 incursione
1936 2487 2131 2528 barbarica
2140 2489 2286 2534 faceret
2294 2495 2342 2536 se-

477 2546 648 2587 curiores
659 2571 671 2590 ,
692 2543 839 2583 vallum
861 2557 931 2598 per
948 2543 1093 2584 cxxxri
1111 2543 1288 2598 paffuum
1303 2545 1409 2585 milia
1428 2545 1449 2584 a
1460 2544 1556 2583 mari
1567 2543 1617 2582 ad
1629 2557 1733 2582 mare
1743 2542 1868 2582 duxit.

421 2654 500 2687 XV.
632 2651 791 2685 CCVIII.
839 2648 1110 2689 Tertullianus
1132 2649 1234 2690 Afer
1255 2650 1520 2692 Centurionis
1540 2649 1827 2691 Proconsularis
1848 2649 1949 2690 filius
1969 2652 2153 2693 omnium
2174 2656 2341 2698 ecclefia-

899 2720 985 2746 rum
1000 2706 1179 2747 sermone
1193 2708 1423 2748 celebratur.

420 2754 518 2788 XVI·
633 2752 760 2785 CCIX.
843 2765 1045 2818 Origenes
1058 2763 1309 2805 Alexandria:
1320 2765 1454 2805 studiis
1467 2763 1656 2804 eruditur.

233 2861 320 2884 onec
326 2856 408 2879 lll
423 2853 533 2887 XVII,
633 2850 741 2883 CCX.

233 2891 409 2903 ‚...---—

422 2953 552 2987 XVIII.
633 2949 755 2982 CCXI.
846 2943 1012 2982 Severus
1024 2943 1190 2981 moritur
1201 2941 1374 2982 Eburaci
1385 2943 1426 2981 in
1438 2942 1650 2982 Britannia.

432 3030 620 3071 CARA·
844 3028 1126 3069 Romanorum
1149 3028 1329 3069 decimus
1347 3029 1509 3069 o&avus
1529 3029 1708 3085 regnavit
1727 3028 2088 3071 ANTONINVS
2111 3046 2341 3087 cognomen·

427 3087 630 3145 CALLAK
905 3099 948 3126 to
966 3086 1337 3128 CARACALLA
1359 3087 1494 3127 Severi
1504 3086 1603 3125 filius
1615 3100 1703 3126 ann.
1716 3104 1766 3125 v1.

429 3146 454 3180 l.
628 3142 777 3176 CCXII·
847 3143 1217 3183 Antiochiaenonus
1230 3143 1445 3198 Episcopus
1458 3143 1706 3183 constituitur
1730 3141 2127 3183 ASCLEPIADES.
2166 3192 2169 3196 .

629 3198 635 3253 l

631 3242 799 3276 CCXIII.
847 3239 1217 3280 ALEXANDER
1229 3241 1442 3288 tricesimus
1457 3238 1953 3294 quintusJerosolymarum
1975 3239 2192 3296 Episcopus
2202 3245 2342 3285 ordina-

907 3308 970 3336 tur
977 3296 1109 3337 adhuc
1121 3298 1285 3337 vivente
1297 3298 1489 3344 Narcisso,
1503 3302 1539 3337 δε
1550 3310 1638 3336 cum
1654 3309 1703 3335 eo
1715 3297 1858 3350 pariter
1869 3296 2082 3337 Ecclefiam
2095 3301 2207 3353 regit.

429 3244 469 3275 II.

239 3346 418 3388 01..ccx1.i{I11
435 3324 490 3374 Iu·
632 3340 798 3375 CCXIV.

433 3449 663 3492 Antoninus
674 3448 1043 3510 CARACALLA
1063 3453 1370 3508 cognominatus
1381 3467 1542 3509 propter
1552 3467 1678 3509 genus
1685 3452 1816 3500 vestis,
1828 3455 1939 3508 quod
1952 3454 2095 3494 Romae
2107 3469 2341 3512 erogaverat:

490 3512 527 3547 &
539 3507 559 3546 e
570 3517 767 3545 contrario
780 3506 987 3548 Caracallae
998 3522 1049 3548 ex
1058 3509 1172 3563 hujus
1182 3510 1347 3549 nomine
1362 3512 1647 3552 Antoninlanae
1658 3509 1779 3549 druse.

2236 3589 2340 3623 ROM.
