2366 4040
708 199 755 250 ⁵8
941 216 1381 298 E‘xcE'RPTA
1441 247 1941 290 UTILISSIMA

655 418 674 438 „
705 359 805 419 EX
840 351 1127 412 PRIORE
1161 347 1398 404 LIBRO
1433 343 2176 406 CHRONOLOGICO

726 506 731 511 -
783 466 1240 529 EuSEBII,ET
1281 463 1849 524 AFRICANO,ET
1888 462 2101 512 ALIIS

1112 584 1366 633 LATINE
1411 589 1776 632 coNvERs'A

701 689 706 694 '
746 688 832 729 AB
863 683 1163 729 HOMINE
1196 679 1876 728 BARBARQINEPTo,
1900 679 2146 723 HELLE-

838 773 1005 810 N15M1
1031 771 1106 807 ET
1134 766 1548 805 LATINITATIS
1577 767 2055 803 IMPERITISSIMO.

713 930 790 964 Non
795 938 908 978 parva
917 935 1026 961 autem
1033 934 1108 974 pars·
1120 921 1339 968 confizrcinata
1350 918 1392 965 est
1401 933 1439 953 ex
1451 917 1572 954 deliriis
1582 920 1790 954 Breviatoris
1801 942 1812 959 ,
1835 927 1894 952 aut
1906 908 2091 970 Inter-preti:
2099 947 2110 965 ,
2132 926 2204 971 qui.

793 986 973 1012 commenta
999 989 1039 1010 ua
1050 972 1209 1020 inscripta
1219 971 1325 1006 aliena
1335 967 1474 1018 infztfflt.
1707 975 1711 980 “
1900 971 1909 981 ”

991 1152 1262 1198 RiMushomo
1274 1146 1601 1193 faerusesta‘Deo
1613 1181 1626 1200 ,
1647 1151 1873 1192 cuinomen
1894 1150 2036 1203 Adam.
2071 1153 2194 1193 Uxor

992 1222 1121 1252 autem
1131 1211 1216 1263 ejus
1228 1209 1320 1249 Eva.
1353 1208 1414 1248 Ab
1426 1208 1557 1248 *Adam
1567 1236 1580 1256 ,
1602 1207 1726 1263 usque
1738 1207 1785 1247 ad
1798 1206 1992 1247 diluvium
2002 1207 2116 1256 Noe,
2127 1222 2192 1262 ge-

995 1268 1216 1307 nerationes
1228 1266 1367 1304 decem
1381 1278 1390 1302 :
1403 1265 1498 1304 anni
1510 1275 1644 1304 autem
1660 1261 1744 1303 duo
1764 1263 1887 1303 millia
1906 1263 2077 1304 ducenti
2097 1279 2196 1318 qua-

778 1358 781 1361 ,
891 1349 894 1352 ·
992 1323 1171 1375 draginta
1183 1322 1277 1361 duo.
1325 1349 1327 1351 .
1967 1367 1969 1369 ι

722 1382 853 1423 Adam
863 1378 987 1420 factus
999 1378 1055 1418 est
1072 1389 1267 1418 annorum
1281 1375 1551 1430 ‘ducentorum
1562 1374 1723 1428 triginta
1747 1389 1756 1414 :
1778 1377 1817 1421 &
1828 1373 1879 1414 sic
1901 1385 2075 1428 genuere
2088 1374 2196 1417 Seth,

780 1436 968 1476 Mortuus
980 1434 1035 1474 est
1047 1443 1178 1472 autem
1191 1445 1333 1472 novem
1345 1445 1538 1472 annorum
1550 1431 1883 1482 noningentorum
1894 1442 2083 1472 trecenta.

725 1491 819 1534 Seth
829 1501 963 1530 autem
982 1490 1082 1529 vixit
1102 1500 1226 1528 annos
1239 1498 1399 1527 centurn
1421 1488 1617 1541 quinque.
1648 1485 1770 1526 Fiunt
1782 1485 1994 1526 simulanni
2016 1487 2198 1540 quadrin-

778 1546 888 1600 genti
903 1546 1062 1597 triginta
1076 1545 1277 1598 quinque:
1302 1546 1340 1582 ὃς
1353 1557 1524 1596 genuere
1536 1544 1659 1583 Enos.
1691 1541 1880 1582 Mortuus
1896 1542 1951 1582 est
1964 1554 2095 1582 autem
2105 1542 2200 1583 Seth

783 1613 976 1642 annorum
989 1601 1325 1652 noningentorum
1341 1600 1571 1639 duodecim.
1958 1625 1962 1630 -
2034 1632 2037 1637 .

728 1659 836 1701 Enos
846 1668 976 1696 autern
985 1656 1085 1695 vixit
1095 1668 1217 1695 annos
1232 1665 1392 1694 centum
1406 1655 1633 1707 nonaginta.
1664 1650 1787 1692 Fiunt
1797 1651 1908 1692 fimul
1919 1653 2012 1692 anni
2026 1639 2203 1696 sexcenti

787 1712 1078 1767 quinquaginta
1092 1711 1271 1764 quinque
1285 1724 1292 1748 ε
1306 1714 1521 1762 &genuere
1540 1709 1704 1750 Cainan.
1737 1707 1924 1748 Mortuus
1935 1708 1991 1748 est
2010 1707 2142 1760 aiit'em
2155 1709 2202 1749 E-

744 1808 747 1813 ,
787 1773 861 1808 nos
874 1778 1210 1818 noningentorum
1221 1766 1414 1818 quinque.
1678 1801 1681 1805 ,

734 1824 887 1865 cainan
899 1821 1140 1860 autemvixit
1153 1833 1277 1858 annos
1292 1831 1451 1858 centum
1464 1818 1718 1871 septuaginta.
1759 1818 1882 1857 Fiunt
1906 1817 2017 1857 simul
2037 1819 2130 1858 anni
2149 1819 2205 1858 se-

790 1876 992 1930 ptingenti
1005 1875 1218 1928 nonaginta
1234 1875 1482 1927 quinquez&
1503 1886 1677 1925 genuere
1696 1871 1893 1912 Maleleel-
1936 1873 2127 1914 Mortuus
2149 1873 2206 1914 est

789 1943 920 1972 autem
931 1931 1088 1970 Caina‘n
1100 1943 1293 1976 annorum
1309 1931 1646 1981 noningentorum
1660 1928 1859 1968 undecim.
1961 1963 1964 1965 Α

734 1987 1069 2030 Maieleeiautem
1080 1986 1182 2026 vixit
1202 1999 1323 2026 annos
1340 1998 1503 2025 centum
1525 1984 1721 2037 sexaginta
1734 1984 1923 2038 quinque.
1952 1983 2074 2025 Fiunt
2093 1985 2207 2026 simui

792 2045 885 2084 anni
903 2042 1140 2095 noningenti
1163 2042 1379 2094 sexaginta:
1397 2045 1435 2080 δε
1453 2054 1624 2092 genuere
1645 2040 1774 2094 Jared.
1805 2039 1990 2080 Mortuus
2000 2040 2055 2080 est
2072 2054 2203 2082 autem

791 2098 978 2139 Maleleel
990 2110 1181 2136 annorum
1196 2096 1759 2149 o&ingentorum'nonaginta·

734 2154 854 2209 jared
868 2164 996 2192 autem
1010 2152 1110 2191 vixit
1118 2157 1241 2191 annos
1251 2163 1409 2191 centum
1422 2149 1622 2203 sexaginta
1632 2151 1746 2189 duos.
1770 2148 1891 2190 Fiunt
1903 2148 2014 2190 fimul
2023 2153 2115 2191 anni
2126 2151 2209 2191 mik-

775 2208 779 2212 ”
797 2209 834 2250 le
844 2221 1003 2248 centum
1013 2208 1154 2260 viginti
1167 2207 1269 2246 duo:
1287 2211 1322 2245 ἃ
1337 2219 1508 2259 genuere
1521 2205 1671 2244 Enoch.
1689 2205 1878 2246 Mortuus
1889 2202 2084 2246 estantem
2093 2207 2212 2261 Jared

796 2276 986 2315 annorum
999 2264 1332 2316 noningentorhm
1346 2262 1552 2314 Sexaginta
1565 2261 1748 2301 duorum.

742 2318 886 2361 Enoch
895 2330 1027 2358 autern
1037 2319 1135 2358 vixit
1146 2331 1269 2359 annos
1280 2314 1440 2358 centum
1453 2317 1652 2369 sexaginta
1663 2317 1854 2370 quinque.
1885 2314 2010 2355 Fiunt
2020 2315 2132 2357 fimul
2143 2330 2212 2356 an·

798 2376 840 2415 ni
865 2374 969 2413 mille
982 2374 1148 2414 ducenti
1172 2374 1400 2426 octuaginta
1422 2370 1592 2426 septem:
1609 2376 1646 2412 &
1657 2372 1795 2425 genuit
1819 2371 2093 2411 Mathusalam.
2125 2372 2216 2412 Pla.

793 2431 877 2470 cuit
889 2442 1018 2469 autem
1028 2430 1168 2469 Enoch
1184 2431 1272 2469 Deo
1283 2428 1406 2469 factus
1415 2441 1608 2469 annorum
1620 2428 1877 2467 tricentorum
1887 2427 2088 2480 sexaginta
2098 2429 2211 2482 quin-

799 2500 898 2539 que:
911 2489 947 2524 ὃς
963 2483 1162 2524 transsatus
1174 2485 1243 2525 est.
1524 2521 1539 2537 ‚

744 2539 1005 2583 Mathusalam
1015 2550 1145 2579 autem
1159 2541 1259 2581 vixit
1271 2553 1394 2580 annos
1407 2551 1564 2580 centum
1576 2537 1770 2589 sexaginta
1780 2537 1939 2590 septem.
1969 2537 2090 2578 Fiunt
2100 2536 2211 2578 simul

795 2587 888 2637 atini
899 2595 1003 2635 mille
1015 2596 1294 2648 quadringenti
1305 2597 1592 2649 quinquaginta
1604 2606 1797 2647 quatuor:
1814 2598 1851 2633 ὃ(
1873 2594 2011 2647 genuit
2023 2593 2210 2634 Lamech.

799 2652 988 2692 Mortuus
1000 2651 1055 2691 est
1065 2662 1197 2691 autem
1213 2648 1471 2691 Mathusalam
1484 2663 1676 2692 annorum
1690 2651 2025 2704 noningentorum
2037 2650 2209 2702 sexagin-

802 2719 844 2747 ta
858 2720 1013 2746 novem.

718 2758 723 2763 ’
745 2762 915 2803 Lamech
926 2760 1056 2802 autem
1068 2762 1168 2813 vixit
1179 2775 1302 2803 annos
1314 2773 1473 2805 centurn
1486 2762 1712 2815 octuaginta
1726 2761 1831 2801 οᾶο.
1863 2760 1984 2800 Fiunt
1997 2757 2213 2799 fimul.anni

800 2818 906 2857 mille
918 2818 1092 2857 sexcenti
1106 2815 1368 2871 quadraginta
1379 2819 1476 2858 duo:
1491 2821 1529 2857 ὅ(
1541 2818 1679 2870 genuit
1690 2817 1999 2860 Noe.M01·tuus
2010 2815 2067 2854 est
2078 2825 2211 2854 autem

801 2871 970 2912 Lamech
980 2886 1170 2913 annorum
1181 2872 1530 2926 septingentorum.
1676 2913 1700 2934 4

746 2929 890 2969 Fa&us
901 2929 956 2968 est
967 2941 1096 2968 autem
1110 2928 1208 2967 Noe
1221 2943 1266 2967 an
1274 2941 1413 2967 norum
1427 2929 1747 2982 quingentorum·
1778 2925 1898 2966 Fiunt
1911 2926 2022 2968 simul
2032 2926 2122 2965 anni
2136 2927 2220 2964 duo

804 2984 926 3023 millia
937 2995 1097 3022 centum
1118 2981 1380 3036 quadraginta
1399 2983 1483 3023 duo
1502 2997 1511 3022 :
1529 2986 1565 3022 &
1585 2984 1722 3036 genuit
1747 2981 1846 3021 Noe·
1867 2994 1939 3022 tres
1952 2981 2053 3026 filios
2068 3007 2081 3026 ‚
2105 2980 2193 3020 Sem
2208 3009 2219 3024 ‚

809 3040 953 3085 Cham,
964 3043 1005 3077 ’δε
1022 3038 1199 3091 japheth.
1282 3087 1284 3090 v

756 3095 805 3135 Et
815 3093 915 3133 fastu
923 3108 959 3132 m
972 3094 1028 3133 est
1039 3122 1050 3140 ,
1070 3107 1193 3147 quum
1202 3092 1383 3134 homines
1400 3093 1748 3147 multiplicarentur
1760 3092 1871 3144 super
1884 3104 2022 3132 terram
2033 3121 2045 3139 ,
2066 3095 2103 3130 δε
2125 3089 2222 3131 filias

808 3148 1072 3203 procreassent
1083 3178 1100 3206 ³.
1118 3150 1292 3189 videntes
1304 3161 1434 3189 autem
1450 3149 1591 3202 Angeli
1602 3150 1677 3188 Dei
1696 3146 1792 3188 fflias
1803 3149 2004 3188 hominum
2015 3176 2027 3194 ,
2048 3146 2159 3199 quod
2170 3146 2223 3185 es-

813 3205 892 3245 sent
905 3205 996 3257 pulc
1003 3205 1090 3251 hrae,
1106 3218 1294 3257 acceperu
1301 3216 1343 3244 nt
1352 3205 1420 3244 fibi
1430 3218 1571 3244 uxores
1583 3219 1632 3243 ex
1645 3206 1940 3257 omnibus,quas
1951 3203 2164 3254 elegerunt.
2174 3201 2221 3240 Et

814 3262 918 3300 dixit
934 3260 1130 3299 Dominus
1144 3260 1251 3299 Deus
1273 3272 1281 3297 2
1301 3260 1401 3300 Non
1417 3260 1657 3313 permanebit
1670 3260 1822 3312 spiritus
1839 3259 1992 3299 meusin
2004 3256 2225 3310 hominibus

818 3315 900 3355 i'stis
911 3316 949 3354 in
961 3327 1160 3360 aeternum,
1174 3317 1266 3367 quia
1278 3329 1371 3354 caro
1382 3316 1481 3355 sunt:
1490 3327 1683 3368 eruntque
1694 3315 1778 3354 dies
1787 3328 1923 3354 eorum
1936 3328 1981 3352 an
1989 3326 2126 3352 norum
2137 3325 2226 3350 cen-

817 3382 902 3409 tum
911 3371 1066 3422 viginti.
1077 3370 1265 3423 Gigantes
1277 3383 1402 3410 autem
1414 3383 1524 3410 erant
1537 3370 1649 3422 super
1659 3382 1797 3409 terram
1808 3371 1846 3409 in
1857 3369 1990 3409 diebus
2002 3368 2074 3407 iliis
2085 3397 2096 3414 ,
2115 3371 2152 3406 &
2166 3365 2228 3405 ul-

820 3436 888 3463 tra.
919 3425 1135 3477 Quumque
1146 3424 1363 3465 introissent
1375 3427 1515 3479 Angeli
1532 3426 1606 3464 Dei
1616 3427 1666 3464 ad
1677 3424 1774 3464 filias
1789 3426 2007 3469 hominum,
2020 3423 2113 3468 illae,
2134 3433 2222 3473 quae

761 3525 766 3529 ¹
817 3478 2088 3534 genuerunt‚iliaefueruntGigantes&saeculohominesnominati.
2120 3476 2224 3514 Cor—

2115 3540 2228 3582 rupta
