2366 4040
193 233 268 280 164
756 221 1700 267 EUSEB-IIPAMPHILI

414 337 767 371 ROM'DOM.
1164 323 1924 367 CONSULUM.

387 419 483 452 VIII.
591 416 785 451 LXXXIX.
812 411 1144 465 Qintilianusex
1156 411 1349 466 Hispania
1360 413 1684 468 Calagorritanus
1695 414 1845 468 primus
1854 413 2001 453 Romae
2011 414 2213 468 publicam
2223 418 2328 460 scho-

872 470 950 507 lam
964 483 971 507 :
986 471 1024 507 ὃς
1034 466 1212 508 salarium
1225 468 1347 529 efisco
1358 473 1514 524 accepit
1527 475 1564 511 ὃς
1576 470 1726 511 claruit.

394 569 652 610 Domitianus
664 567 854 621 plurimos
865 561 1063 624 nobilium
1074 565 1117 606 in
1130 564 1296 607 exilium
1309 569 1449 620 mittit,
1463 582 1584 624 atque
1597 561 1758 609 occidit.

395 627 656 669 Domitianus
667 622 981 663 Mathematicos
993 622 1301 678 &Philosophos
1309 625 1498 666 Romana
1512 627 1608 666 urbe
1619 625 1786 681 pepulit.

205 731 373 757 omen-11,
394 724 456 757 IX.
467 718 469 721 ⁴
596 720 672 754 XC.
813 718 947 760 Multa
958 729 1079 774 opera
1091 720 1239 760 Romae
1252 717 1354 760 faeta
1364 722 1429 767 ‚in
1441 721 1587 774 quibus
1597 723 1847 776 Capitolium
1861 755 1870 769 ‚
1893 722 2043 763 Forum
2056 725 2329 778 transitorium,

870 776 1071 833 Divorum
1081 776 1414 832 porticus,Ifi‘um‚
1427 784 1472 817 ac
1484 775 1703 832 Sarapium‚
1717 779 1897 818 Stadium
1902 802 1913 828 3
1926 780 2082 822 Horrea
2091 782 2329 837 piperataria,

819 843 822 846 ’
868 832 1098 888 Vespasiani
1109 834 1307 889 templum
1320 867 1329 881 ‚
1345 834 1531 875 Minerva
1542 834 1778 875 Chalcidica
1790 856 1801 882 3
1811 835 1968 876 Odium
1978 866 1990 884 ‚
2002 838 2035 878 F
2037 852 2151 879 orum
2162 840 2333 896 Trajani,

867 888 1058 931 Thermae
1066 890 1259 945 Trajanae,
1275 896 1313 931 ὃς
1324 892 1500 935 Titianae
1511 925 1520 939 ,
1536 893 1704 934 Senatus
1714 917 1726 938 ,
1738 890 1876 931 Ludus
1888 896 2126 944 matutinus,
2148 897 2260 939 Mica
2273 914 2334 941 au.

368 966 370 970 >
414 954 417 957 “
458 953 471 958 “
520 953 522 957 ’
870 961 949 994 rea,
965 947 1246 996 Metasudans,
1258 952 1296 989 ὅ(
1306 948 1544 990 Pantheum.
1960 946 1963 948 ’

389 999 434 1032 X.
599 997 694 1031 XCI.
1128 1023 1130 1025 >

390 1099 451 1133 XI.
602 1095 712 1132 XCII·
796 1105 799 1107 ’
818 1100 1141 1144 Domitianusde
1151 1104 1273 1145 Dacis
1285 1108 1322 1145 &
1333 1104 1545 1144 Germanis
1557 1102 1831 1158 triumphavit.

393 1198 655 1239 Domitianus
667 1208 786 1238 tantae
796 1197 984 1253 superbiae
996 1198 1087 1248 fuit,
1101 1212 1148 1241 ut
1158 1215 1204 1241 au
1210 1214 1292 1242 reas
1302 1206 1339 1242 δε
1349 1213 1554 1258 argenteas
1564 1203 1707 1242 statuas
1719 1200 1791 1240 fibi
1801 1201 1843 1240 in
1855 1201 2065 1255 Capitolio
2074 1186 2174 1256 poni
2181 1204 2335 1257 juffirir.

395 1256 577 1296 Maxima
585 1254 799 1310 Virginum
811 1255 1030 1297 Vestalium
1041 1259 1232 1315 Cornelia
1245 1259 1428 1299 convifta
1440 1259 1560 1314 stupri
1566 1260 1679 1313 juxta
1690 1259 1823 1313 legem
1834 1258 1925 1298 viva
1936 1257 2083 1299 defoffa
2095 1260 2160 1300 est.

394 1353 471 1388 XII·
609 1352 729 1388 XCIII·
817 1354 1075 1397 Domitianus
1086 1356 1405 1412 prohibuitrvites
1417 1358 1459 1397 in
1471 1357 1635 1402 urbibus
1646 1355 1727 1404 seri.

816 1413 981 1453 Tertius
992 1414 1188 1454 Romanae
1200 1414 1381 1455 Ecclefiae
1393 1413 1612 1469 Episcopus
1622 1411 1779 1468 praefuit
1794 1413 1832 1452 C
1843 1411 1876 1451 L
1890 1412 1922 1451 E
1936 1413 1984 1452 M
1996 1413 2028 1452 E
2041 1415 2085 1454 N
2099 1414 2122 1453 S
2142 1430 2231 1457 ann.
2250 1416 2338 1462 {ff

609 1453 735 1487 XCIV·
819 1468 852 1508 F
853 1469 977 1566 lzgfius
988 1470 1187 1525 Josephus
1205 1471 1438 1512 vicesimum
1462 1471 1608 1511 librum
1624 1469 1910 1522 antiquitatum
1923 1470 2039 1523 hujus
2052 1475 2243 1526 temporis
2252 1469 2337 1515 scri-

654 1552 672 1561 ἡ
904 1539 947 1567 it.

609 1551 720 1585 XL‘V'
806 1583 1080 1625 Domitianus
1089 1585 1236 1643 multos
1246 1585 1443 1627 nobilium
1455 1583 1633 1641 perdidit
1645 1582 1857 1638 :quosdam
1867 1583 1988 1623 etiam
2000 1585 2042 1624 in
2053 1585 2214 1626 exilium
2227 1587 2339 1629 misit.

200 1463 379 1487 ouccxvm
394 1454 487 1488 XIII.

188 1599 191 1602 ἱ
205 1565 277 1586 nme
284 1567 312 1586 x·
393 1552 490 1586 XIV.

398 1680 607 1723 Secundus
625 1681 713 1736 post
728 1681 941 1722 Neronem
960 1682 1220 1723 Domitianus
1238 1683 1484 1724 Christianos
1501 1681 1748 1738 persequitur
1761 1697 1769 1721 ι
1780 1685 1818 1721 &
1828 1679 1896 1720 sub
1909 1695 1958 1721 eo
1972 1682 2352 1737 ApostolusJohan-'

454 1753 525 1780 nes
535 1738 577 1778 in
587 1738 775 1779 Patmum
785 1737 951 1779 insulam
964 1739 1159 1796 relegatus
1168 1740 1453 1796 Apocalypfim
1461 1740 1579 1787 vidit,
1591 1753 1712 1794 quam
1721 1740 1891 1779 Irenaeus
1902 1739 2192 1793 interpretatur.

805 1873 1243 1906 SECUNDA
1297 1859 1933 1906 ,PERsEcuT1o

398 1972 477 2008 XV·
604 1971 739 2007 ‘'XCVI·
814 1972 1077 2036 Domitianus
1094 1971 1242 2012 rursum
1259 1970 1524 2027 Philosophos
1543 1975 1582 2013 δε
1599 1969 1919 2012 Mathematicos
1935 1969 2072 2011 Roma
2083 1984 2156 2026 per
2168 1965 2335 2023 edicsturn

824 2029 1068 2140 Agglilokiiciiits
1075 2084 1269 2140 Tyaneus
1281 2090 1319 2125 δε
1328 2084 1550 2139 Euphrates
1560 2084 1733 2139 insignes
1742 2084 1973 2139 Philosophi
1983 2084 2194 2125 habentur.

398 2174 496 2210 XVI.
611 2173 755 2208 XCVII.

405 2263 665 2304 Domitianus
677 2277 745 2303 eos
756 2291 767 2309 ‚
790 2263 859 2317 qui
872 2262 922 2302 de
935 2275 1082 2317 genere
1091 2260 1225 2302 David
1237 2272 1348 2302 erant
1360 2288 1371 2307 ,
1393 2260 1563 2301 interfici
1575 2262 1761 2316 praecepit
1772 2289 1783 2307 ,
1796 2272 1841 2300 ut
1853 2260 2219 2315 nullusJudaeorum
2234 2261 2334 2317 regni

459 2320 634 2375 reliquus
645 2319 749 2361 foret
763 2336 770 2360 z
791 2325 827 2359 &
840 2320 973 2359 scribit
985 2320 1142 2359 Brutius
1155 2319 1347 2373 plurimos
1359 2318 1677 2358 Christianorum
1689 2319 1758 2358 sub
1771 2318 2011 2358 Domitiano
2024 2318 2154 2358 fecisse
2166 2318 2332 2372 martyri-

456 2380 560 2418 rium
583 2394 591 2418 ι
613 2379 716 2418 inter
728 2390 829 2432 quos
842 2382 878 2417 ὃ(
889 2376 1066 2416 Flaviam
1080 2375 1332 2415 Domitillam
1344 2376 1472 2416 Flavii
1484 2375 1712 2416 Clementis
1729 2374 1916 2416 Consulis
1927 2389 1976 2415 ex
1985 2374 2114 2416 sorore
2126 2387 2290 2429 neptem
2298 2374 2332 2414 in

456 2435 623 2474 insulam
634 2436 821 2476 Pontiam
833 2434 1063 2488 relegatam,
1073 2434 1166 2486 quia
1176 2432 1213 2473 se
1226 2433 1493 2473 Christianam
1506 2432 1643 2472 testata
1652 2432 1708 2474 fit.

405 2531 539 2573 Multa
552 2531 659 2589 signa
671 2544 793 2585 atque
805 2542 990 2586 portenta
1001 2531 1146 2571 Romae
1158 2535 1195 2571 &
1208 2520 1297 2572 toto
1308 2530 1405 2570 orbe
1415 2529 1527 2570 ί-ἐᾶει.

406 2630 667 2672 Domitianus
688 2625 839 2670 Occisus
865 2629 907 2668 in
924 2628 1078 2669 Palatio
1094 2662 1104 2676 ‚
1135 2633 1271 2683 &per
1298 2627 1551 2683 vespilliones
1574 2627 1808 2684 ignobiliter
1834 2637 2066 2682 exportatus
2093 2641 2199 2667 anno
2223 2625 2329 2668 aetatis
2352 2635 2354 2640 '

458 2709 566 2731 XXXV.

405 2787 450 2828 N
484 2787 518 2826 E
551 2786 608 2826 R·
828 2784 1109 2825 Romanorum
1120 2784 1303 2825 decimus
1314 2784 1496 2840 regnavit
1514 2784 1558 2824 N
1570 2784 1604 2824 E
1613 2785 1652 2827 R
1663 2781 1704 2824 V
1713 2784 1752 2824 A
1769 2795 1875 2823 anno
1888 2795 1981 2828 uno,
1997 2779 2117 2822 mens.
2136 2781 2202 2822 3?

455 2841 495 2885 V
512 2845 563 2884 A.

216 2947 265 2968 or.
286 2946 393 2966 ccxxx.
409 2943 433 2975 Ι.
609 2938 776 2989 {XCVIII
828 2934 1109 2976 Alexandrinae
1122 2933 1302 2974 Ecclefiae
1314 2934 1451 2974 tertius
1462 2931 1681 2987 Episcopus
1691 2931 1847 2988 praefuit
1863 2933 1901 2972 C
1914 2931 1947 2971 E
1956 2932 1998 2972 R
2010 2931 2049 2971 D
2060 2930 2102 2971 O
2121 2944 2211 2970 ann.
2228 2927 2282 2972 ἶῖ.

414 3034 582 3074 Senatus
603 3033 799 3080 decrevit,
820 3045 865 3073 ut
883 3033 1037 3079 omnia,
1057 3046 1143 3086 quae
1152 3031 1412 3072 Domitianus
1423 3030 1624 3077 statuerat,
1644 3030 1685 3069 in
1697 3030 1849 3070 irritum
1862 3028 2168 3069 deducerentur.
2205 3027 2326 3077 Itaque

469 3091 585 3130 multi
597 3118 608 3137 ‚
630 3088 731 3144 quos
740 3090 879 3144 injuste
890 3091 1072 3144 ejecerat,
1084 3089 1136 3130 de
1148 3088 1268 3129 exilio
1280 3087 1430 3129 reverfi.
1463 3087 1646 3128 nonnulli
1660 3087 1764 3127 bona
1774 3087 1933 3141 propria
1943 3095 2190 3139 receperunt.
2221 3081 2328 3134 Ajunt

472 3148 711 3200 Apostolum
723 3147 953 3202 Johannem
968 3147 1047 3186 hoc
1064 3153 1247 3200 tempore
1266 3145 1386 3185 exilio
1403 3144 1577 3185 solutum
1594 3143 1795 3199 Ephesum
1812 3141 1993 3183 secessisse
2008 3158 2015 3182 :
2035 3143 2078 3181 in
2098 3155 2177 3195 qua
2206 3137 2327 3180 urbe&

476 3202 733 3257 hospitiolum
750 3209 787 3244 &
798 3205 949 3244 amicos
959 3203 1222 3243 amantIffimo
1235 3202 1485 3242 suihabebat.

408 3297 435 3352 J
439 3297 541 3337 ustus
549 3301 570 3339 a
580 3300 1037 3355 TiberiadeJudaeorum
1049 3300 1214 3354 scriptor
1225 3297 1459 3353 agnoscitur.

416 3396 711 3490 Nervglrnorbo
719 3399 836 3451 periit
847 3399 887 3437 in
897 3397 1023 3438 hortis
1032 3395 1267 3437 Sallustianis
1278 3410 1384 3436 anno
1395 3395 1518 3436 aetatis
1532 3413 1602 3436 Lxx
1610 3413 1622 3434 1
1636 3413 1647 3434 1
1655 3426 1664 3441 ‚
1679 3405 1803 3447 quum
1811 3392 1895 3445 jam
1907 3391 2122 3444 Trajanum
2136 3381 2328 3444 adoptaffet

475 3466 516 3491 in
570 3466 665 3492 ium.

416 3506 610 3564 Trajanus
619 3510 852 3565 Agrippinae
861 3511 903 3550 in
913 3510 1052 3552 Galliis
1062 3510 1279 3565 imperator
1286 3507 1408 3550 fastus
1417 3519 1531 3549 natus
1542 3507 1690 3556 Italicae
1700 3508 1742 3547 in
1754 3506 1957 3562 Hispania.

2237 3598 2323 3637 ROM
