2366 4040
436 332 553 373 Nulla
563 332 627 376 est,
635 332 735 370 nulla
744 329 892 384 prorsus
898 332 958 368 via
967 356 979 373 ,
988 329 1056 368 nifi
1066 343 1183 384 quam
1201 328 1412 371 docuimus
1451 330 1782 372 Demonstrationi
1791 334 1902 374 victas
1918 348 2052 377 manus
2063 337 2151 377 dare
2163 366 2173 381 ,
2184 336 2271 376 Ma-

435 388 632 428 thematici
641 387 693 425 est
703 403 710 423 ι
721 383 903 425 aduersari
912 412 924 430 ,
941 399 990 425 ne
1004 386 1173 425 hominis
1184 385 1342 440 quidem
1356 387 1418 430 est,
1427 387 1575 427 nedum
1587 387 1859 429 mathematici.
1890 390 2020 445 Itaque
2028 406 2075 433 ex
2091 393 2166 433 hac
2178 397 2271 433 anni

435 445 602 483 editione
614 442 793 482 Clanium
807 441 1132 482 Mathematicurn
1143 440 1234 487 effe,
1251 441 1320 481 nifi
1334 442 1485 483 aliunde
1496 443 1585 483 sciat
1595 472 1605 488 ,
1619 458 1736 484 nemo
1753 459 1925 499 unquam
1938 446 2004 486 fibi
2018 447 2270 504 persuadebit,

432 511 630 551 nunquam
641 498 847 537 iurantibus
863 498 993 539 credet
1003 528 1012 537 .
1040 498 1116 538 Sed
1130 511 1273 539 errores
1287 498 1408 552 Clauij
1419 500 1499 540 tolli
1509 530 1518 544 ‚
1529 513 1594 540 aut
1602 502 1761 541 intacitos
1778 503 1957 557 relinqui:
1968 517 2111 544 annum
2121 509 2198 545 eius
2210 520 2272 546 ca-

432 555 566 608 stigari,
576 566 641 593 aut
649 558 700 593 ita
710 553 1122 610 semperdeformatum
1131 558 1285 610 exponi,
1295 555 1336 595 id
1342 570 1433 596 vero
1448 571 1574 611 neque
1583 557 1711 597 nostra
1722 558 1874 598 interest
1882 586 1894 603 ,
1904 573 2030 613 neque
2045 560 2094 600 ad
2104 575 2175 602 nos
2184 576 2272 616 per-

428 614 535 649 tinet.
568 610 612 649 In
627 610 706 650 hoc
721 616 825 650 enim
840 608 1002 650 fortunae
1011 611 1146 652 nostrae
1154 611 1227 651 sitae
1237 625 1321 651 non
1335 610 1430 652 sunt.
1461 612 1578 653 Aliud
1591 628 1778 653 curamus.
1812 616 1917 670 Qa
1924 629 2015 655 vero
2033 615 2131 657 adeo
2150 617 2271 657 confi„

429 665 522 705 dens
535 666 617 711 suit,
629 674 671 706 ut
681 681 764 712 eos,
774 671 840 721 qui
856 673 934 707 eius
945 666 1070 707 foedos
1082 681 1227 707 errores
1245 671 1286 706 in
1301 681 1477 723 apertum
1495 669 1767 726 exposuerunt,
1781 670 1905 712 ediCto
1925 671 2124 727 improbos
2141 677 2271 713 vocari

458 726 655 766 rocurarit,
677 737 750 779 ego
770 738 859 763 eum
872 724 1049 778 vapulare
1059 751 1071 768 ,
1083 737 1156 779 ego
1170 736 1260 762 eum
1268 727 1367 764 inter
1382 725 1586 774 cathedras
1601 725 1868 782 discipulorum
1881 726 2032 767 suorum
2048 729 2197 783 plorare
2214 733 2270 768 iu-

426 735 501 818 beo
510 806 522 822 ,
539 791 581 818 ut
592 777 708 818 discat
718 792 797 819 tam
813 780 974 835 dignum
985 779 1019 819 se
1035 778 1108 820 effe
1122 794 1169 819 eo
1180 783 1354 824 nomine,
1376 796 1495 835 quam
1505 797 1570 823 eos
1583 783 1777 838 indignos,
1788 798 1883 838 quos
1897 784 1957 823 ille
1967 785 2031 825 tali
2048 785 2270 841 appellatio-

425 848 475 874 ne
491 834 590 874 affici
605 839 758 875 curauit.
793 837 886 876 Satis
897 834 977 875 satis
986 849 1190 891 poenarum
1200 835 1305 876 dabit
1316 842 1356 875 &
1367 838 1490 881 nobis,
1503 844 1540 877 &
1555 839 1782 894 posteritati,
1795 846 1832 880 δε
1841 840 2019 880 omnibus
2030 868 2039 883 ,
2055 844 2095 879 in
2105 855 2202 895 quos
2213 845 2270 879 ni-

424 891 479 930 hil
494 895 617 931 minus
633 897 835 948 competit,
858 907 974 946 quam
988 893 1258 948 improborum
1275 906 1437 938 nomen,
1456 893 1627 950 quandiu
1647 894 1802 936 ridicula
1817 897 1877 936 illa
1894 900 1983 936 anni
2000 896 2118 937 editio
2139 897 2270 937 locum

425 947 627 993 obtinebit,
636 963 751 1002 quam
762 949 936 989 obtinere
953 962 1107 989 eatenus
1118 948 1229 989 nobis
1244 949 1414 1005 expedit,
1427 963 1469 989 ut
1480 964 1526 989 ex
1535 950 1596 989 illa
1610 950 1721 990 nobis
1738 950 1962 1007 supplicium
1970 951 2035 992 det
2049 956 2270 993 temeritatis

423 1003 502 1042 suae.
533 1004 629 1044 Non
642 1009 746 1044 enim
761 1010 802 1045 in
822 1021 865 1045 ea
875 1004 949 1045 sola
966 1006 1191 1045 Sannorum
1204 1009 1409 1049 memoria,
1423 1004 1485 1045 sed
1502 1010 1618 1045 etiam
1630 1007 1750 1053 Clauij
1767 1022 1939 1048 errorum
1955 1007 2129 1049 dedicata
2144 1009 2216 1054 est,
2226 1014 2270 1048 ut

423 1074 542 1100 nemo
555 1062 669 1115 paulo
683 1061 820 1101 harum
838 1076 966 1101 rerum
979 1065 1136 1117 peritior
1146 1066 1186 1101 in
1200 1076 1286 1101 eam
1296 1062 1429 1102 oculos
1451 1066 1647 1113 conijciat‚
1664 1066 1758 1117 quin
1769 1063 1819 1102 illi
1829 1067 1869 1102 in
1882 1062 1961 1119 ipso
1971 1065 2100 1104 limine
2115 1065 2269 1120 augusta

422 1116 483 1156 illa
494 1118 652 1172 collegia
666 1118 893 1173 Epafitarum
909 1118 1175 1159 concolorium
1184 1144 1195 1164 ,
1213 1125 1251 1158 &
1265 1117 1510 1158 discolorium
1526 1131 1740 1158 occurrant.
1780 1119 1887 1158 Itane
1900 1121 2116 1175 improbos,
2134 1125 2200 1175 qui
2212 1135 2269 1160 er-

423 1186 524 1213 rores
542 1174 663 1223 Clauij
683 1174 920 1220 indicarunt,
931 1178 996 1229 qui
1013 1188 1060 1214 ex
1074 1175 1225 1214 Lilianis
1238 1189 1322 1215 non
1333 1175 1444 1215 bonis
1453 1176 1569 1230 longe
1582 1174 1779 1230 pessimam
1788 1175 2016 1230 EpaCtarum
2032 1176 2268 1216 methodum

421 1230 651 1283 publicauit,
667 1229 873 1271 Terminos
882 1232 1056 1271 Nicenos
1066 1232 1155 1271 loco
1171 1236 1317 1276 mouit,
1329 1235 1599 1271 neomeniasin
1615 1231 1752 1271 alienas
1765 1229 1866 1271 sedes
1884 1231 2066 1275 traduxit,
2086 1245 2269 1287 tanquam

421 1284 575 1326 frenum
591 1291 715 1326 motui
733 1287 852 1327 Lunae
865 1293 1063 1343 imponat?
1086 1287 1160 1327 Sed
1174 1291 1251 1327 eius
1266 1301 1411 1327 errores
1430 1292 1471 1326 in
1486 1287 1714 1327 Canonibus
1729 1286 1810 1327 satis
1827 1287 2078 1343 exposuimusss
2157 1304 2225 1330 uos
2241 1288 2268 1329 fi

421 1341 568 1382 dolebit
576 1346 688 1383 nimis
697 1343 833 1383 Latine
843 1359 864 1383 a
876 1345 988 1384 nobis
999 1356 1181 1399 exceptos
1194 1342 1282 1387 effe,
1299 1343 1387 1383 sciat
1399 1357 1472 1398 pro
1482 1347 1620 1383 merito
1639 1342 1703 1383 suo
1714 1341 1750 1383 se
1764 1358 1785 1383 a
1797 1344 1907 1384 nobis
1915 1349 2036 1400 accipi
2046 1372 2057 1390 ‚
2071 1350 2154 1385 &re
2169 1359 2268 1400 pon-

421 1397 520 1440 sum‚
537 1413 619 1438 non
629 1400 873 1439 malediitum
888 1399 979 1444 effe,
997 1406 1035 1438 &
1056 1403 1122 1453 qui
1132 1399 1291 1454 indigne
1307 1399 1476 1454 improbi
1494 1391 1621 1438 vocati
1634 1399 1734 1442 sunt,
1744 1398 1849 1455 poffe
1863 1401 1955 1440 illud
1969 1405 2107 1441 merito
2120 1402 2169 1441 ad
2187 1416 2268 1447 eos,

420 1459 486 1509 qui
502 1455 607 1509 digni
620 1470 664 1494 ea
679 1456 935 1510 appellatione
949 1454 1035 1494 sunt
1048 1483 1058 1500 ,
1077 1467 1298 1509 retorquere
1310 1485 1318 1493 .
1355 1457 1489 1510 Qre
1502 1459 1667 1494 nimium
1686 1455 1734 1495 de
1750 1457 1814 1496 illo
1829 1456 1990 1497 diximus
2000 1485 2012 1502 ,
2029 1457 2077 1497 ad
2093 1472 2176 1512 quae
2195 1471 2267 1497 nos

420 1511 512 1550 iusta
526 1511 739 1566 indignatio
748 1516 943 1566 prouexit,
953 1515 1041 1566 quia
1050 1510 1173 1551 homo
1183 1512 1304 1551 luteus
1313 1536 1323 1554 1
1336 1522 1379 1550 ut
1385 1511 1554 1566 improbi
1568 1511 1692 1552 edicito
1702 1513 1860 1567 publico
1870 1527 2112 1558 vocaremur,
2127 1511 2266 1554 effecit.
2323 1538 2327 1540 -

419 1568 540 1607 Aliter
552 1572 654 1605 enim
665 1581 726 1611 ,ut
736 1567 784 1606 de
799 1568 876 1618 alijs
887 1568 1078 1622 rupicibus
1089 1595 1101 1612 ,
1116 1567 1165 1606 de
1183 1581 1230 1607 eo
1244 1567 1376 1606 melius
1394 1567 1483 1607 esset
1498 1567 1613 1612 silere,
1625 1582 1743 1621 quam
1757 1569 1874 1624 loqui.
1903 1570 2044 1625 Neque
2057 1574 2160 1609 enim
2170 1574 2268 1612 tanti

419 1623 489 1662 est:
504 1637 631 1676 neque
642 1626 719 1662 eius
737 1636 880 1672 errores
897 1627 993 1662 tanti
1006 1624 1176 1665 facimus,
1194 1637 1237 1663 ut
1251 1638 1316 1663 eos
1328 1623 1656 1663 animaduersione
1671 1623 1798 1663 nostra
1809 1624 1946 1679 dignos
1956 1626 2183 1672 iudicemus,
2199 1630 2268 1682 qui

419 1679 546 1718 nostra
562 1682 681 1733 inagis
704 1678 878 1718 intereffe
893 1692 1094 1734 putamus,
1112 1684 1149 1717 &
1163 1679 1299 1732 quibus
1317 1683 1437 1734 magis
1454 1679 1586 1720 dolere
1600 1683 1786 1719 conuenit
1804 1681 1903 1720 bene
1918 1682 2086 1721 locatam
2104 1696 2266 1737 operam

419 1735 606 1779 nostram,
621 1749 737 1789 quarn
754 1735 874 1774 aliena
889 1747 1026 1779 errata,
1044 1734 1289 1789 reprehendi.
1322 1734 1456 1790 Itaque
1471 1748 1601 1789 quum*
1611 1748 1764 1774 tantum
1778 1735 1913 1775 odium
1928 1736 1972 1776 fit
1989 1742 2085 1782 veri,
2101 1738 2195 1793 quid
2210 1738 2267 1778 su—

417 1791 540 1847 perest
558 1791 667 1830 nobis
679 1819 690 1836 ,
711 1805 828 1844 quarn
841 1803 1030 1844 quantum
1040 1804 1166 1844 operae
1183 1795 1224 1828 in
1238 1790 1412 1829 iuuandis
1422 1791 1552 1835 studiis
1565 1789 1770 1844 posuimus,
1780 1796 1857 1831 eius
1874 1807 1957 1832 non
1967 1797 2176 1847 poenitere?
2187 1794 2265 1834 Ta-

417 1861 509 1887 men
527 1848 590 1887 hic
611 1859 857 1902 contemptus
873 1874 885 1892 ,
903 1847 984 1886 haec
1006 1846 1231 1886 obtreetatio
1245 1859 1447 1898 nunquam
1467 1843 1592 1884 facere
1605 1849 1752 1900 potuit,
1777 1858 1820 1886 ut
1838 1851 2011 1886 animum
2027 1863 2049 1888 a
2069 1849 2198 1890 labore
2214 1850 2264 1890 ad

417 1908 542 1944 otium
557 1904 838 1944 traduceremus
849 1934 857 1941 .
894 1903 1108 1942 Minimum
1123 1915 1258 1942 eorum
1269 1931 1278 1945 ,
1296 1906 1363 1955 qui
1378 1901 1482 1942 bona
1498 1901 1620 1941 studia
1633 1905 1761 1941 iuuare
1774 1902 1933 1958 possint,
1950 1917 2014 1943 me
2027 1918 2181 1960 reputo,
2197 1900 2277 1946 eo-‘

416 1975 512 2002 rum,
523 1965 588 2016 qui
600 1961 726 2003 velint,
736 1963 882 2000 nemini
892 1958 1000 1999 cedo.
1036 1960 1169 2013 Itaque
1180 1972 1301 2013 quum
1310 1958 1480 1998 viderem
1492 1957 1705 1998 dominam
1719 1958 1886 1998 nostram
1895 1974 1917 1999 a
1931 1960 2130 2016 prophetis
2146 1966 2269 2015 inter-3

414 2018 550 2074 polari,
562 2017 610 2056 ab
623 2020 809 2072 imperitis
826 2017 982 2071 negligi,
996 2030 1017 2054 a
1027 2014 1158 2055 scurris
1172 2014 1362 2060 derideri,
1375 2014 1561 2054 afimiolis
1572 2013 1802 2059 dissimulari,
1815 2028 1947 2056 tamen
1966 2016 2145 2057 laborum
2152 2022 2265 2059 meo*-

414 2088 502 2113 rum
520 2078 719 2129 pra-'mium
729 2071 811 2112 satis
825 2072 865 2112 id
881 2086 1068 2127 magnum
1084 2072 1166 2112 fore
1186 2070 1486 2116 constituebam,
1498 2070 1592 2111 fivel
1602 2085 1698 2111 unus
1709 2084 1860 2112 tantum
1870 2075 2021 2127 reperiri
2037 2072 2160 2129 posset
2168 2102 2180 2120 ,
2195 2078 2265 2129 qui

413 2130 542 2171 nostra
551 2130 693 2186 legeret
705 2159 717 2175 ,
735 2130 981 2184 intelligeret,
1005 2128 1242 2169 intellectam
1259 2129 1387 2169 lucem
1399 2127 1600 2184 proferret.
1635 2128 1769 2167 Deum
1788 2140 1871 2182 opt.-
1887 2141 1986 2167 max.
1997 2128 2192 2170 misertum
2207 2131 2262 2170 cst

414 2199 495 2225 tam
502 2187 628 2230 nostri,
645 2191 711 2240 qui
723 2198 803 2225 tam
813 2190 964 2240 ingrato
976 2183 1110 2225 saeculo
1122 2185 1346 2230 studuimus,
1355 2198 1473 2238 quam
1484 2185 1649 2227 illorum,
1661 2187 1727 2235 qui
1735 2181 1880 2223 inscitia
1893 2188 2021 2240 potius
2030 2214 2041 2229 ,
2053 2200 2171 2240 quarn
2178 2201 2261 2226 ma-

414 2242 493 2281 litia
510 2257 531 2280 a
549 2243 766 2281 nostrorum
780 2243 968 2285 librorum
980 2242 1143 2281 lectione
1157 2240 1416 2284 deterrentur,
1441 2246 1478 2278 &
1495 2239 1699 2278 hominem
1722 2252 1743 2277 e
1761 2238 1898 2289 modijs
1914 2240 2065 2281 inuidiae
2079 2242 2258 2288 flammis,

415 2311 462 2336 ex
479 2297 560 2352 ipso
580 2298 905 2336 obtrenationum
923 2297 1079 2350 strepitu
1095 2295 1294 2341 excitauit,
1310 2294 1576 2351 probissimum
1588 2321 1601 2338 ‚
1627 2293 1903 2342 doffiffimum,
1925 2298 2256 2343 accuratissimum,

417 2354 440 2392 S
451 2369 469 2390 ε
483 2367 507 2392 T
522 2366 549 2390 H
561 2367 585 2390 v
601 2366 635 2391 M
672 2354 744 2392 CA
756 2365 778 2390 L
789 2365 814 2389 v
830 2366 843 2389 1
856 2364 871 2389 s
886 2365 900 2390 1
915 2365 940 2389 v
957 2364 1011 2395 M,
1026 2356 1149 2402 uirum
1162 2351 1289 2406 priscae
1304 2352 1398 2389 illius
1413 2350 1698 2400 Germanorum
1710 2354 1951 2406 ingenuitatis
1962 2382 1972 2395 ‚
1991 2359 2029 2392 &
2044 2352 2154 2399 fidei,
2164 2369 2256 2410 qua—

414 2422 500 2448 rum
513 2412 696 2447 virtutum
711 2421 812 2447 notae
822 2406 939 2445 hodie
948 2410 988 2444 in
1002 2410 1137 2445 maiori
1149 2420 1258 2461 parte
1275 2406 1480 2445 hominum
1488 2432 1499 2450 ,
1514 2409 1581 2459 qui
1596 2405 1704 2446 isthic
1714 2406 1836 2447 literas
1859 2410 2040 2456 tra-stant,
2055 2409 2258 2451 obsoleue-

415 2478 520 2507 runt.
564 2464 597 2504 Is
620 2478 666 2503 ex
683 2464 853 2503 dodisma
875 2462 1004 2502 nostra
1023 2461 1329 2502 luculentissimas
1356 2465 1631 2517 praeceptiones
1650 2462 1959 2519 Chronologicas
1980 2492 1993 2510 ,
2019 2471 2058 2505 δε
2073 2470 2256 2507 eximium

416 2521 648 2561 Chronicon
665 2520 854 2559 instruxit.
885 2517 993 2572 quod
1014 2532 1095 2562 non
1109 2517 1230 2557 solum
1245 2517 1479 2573 superiorum
1492 2517 1847 2573 Chronologiarum
1862 2521 2068 2561 luminibus
2080 2522 2254 2568 obstruit,

414 2576 476 2616 sed
489 2582 527 2615 δέ
540 2576 646 2630 quod
657 2575 841 2615 eiufinodi
855 2574 928 2618 est,
940 2586 998 2614 ut,
1022 2587 1158 2628 praeter
1170 2573 1439 2618 illud,nullum
1447 2588 1535 2613 vere
1554 2573 1785 2615 Chronicon
1801 2576 1876 2616 dici
1884 2576 2007 2632 poss'it.
2037 2578 2101 2618 Ille
2118 2591 2161 2618 ut
2177 2582 2256 2633 pri-

413 2647 497 2672 mus
506 2632 746 2671 animinostri
756 2628 900 2685 sensum
909 2629 1091 2669 odoratus
1104 2631 1166 2673 est,
1177 2634 1228 2670 ita
1237 2634 1381 2685 primus
1389 2633 1488 2669 inter
1503 2630 1780 2686 Chronologos
1797 2637 1931 2687 nugari
1945 2632 2062 2683 desijt.
2089 2634 2254 2675 Nullum

413 2687 747 2728 anachronismum
764 2692 804 2726 in
814 2687 876 2726 illo
894 2686 1026 2726 diuino
1038 2700 1259 2742 temporum
1268 2685 1423 2727 sacrario
1432 2690 1592 2742 reperias
1603 2714 1614 2731 ‚
1623 2687 1769 2731 nullum
1779 2687 1951 2728 delirium
1961 2719 1971 2732 ‚
1983 2689 2127 2728 nullam
2147 2689 2253 2729 fana-

413 2750 530 2786 ticam
546 2744 726 2799 epochen
739 2743 896 2795 γεωργίας
910 2770 921 2787 ,
935 2743 1177 2783 Iobeleorum
1188 2754 1200 2788 ,
1210 2747 1304 2793 initij
1316 2757 1458 2783 rerum:
1469 2743 1591 2783 nullos
1601 2743 1741 2784 vibices
1751 2771 1764 2789 ,
1780 2759 1877 2799 quos
1894 2744 2166 2801 imperitiffima
2174 2747 2267 2798 (Za--

413 2803 612 2841 tharorum
623 2829 635 2846 ,
648 2807 685 2840 &
695 2800 769 2840 Pro
800 2799 975 2838 betarum
989 2803 1095 2839 natio
1109 2798 1249 2839 miserae
1263 2799 1541 2854 Chronologiae
1552 2799 1687 2840 inuffit.
1722 2800 1905 2857 Agnosco
1923 2801 2081 2857 quidem
2099 2801 2267 2858 vestigia*

411 2858 588 2908 doffrinae
595 2857 748 2897 nostrae:
776 2856 824 2895 ed
834 2870 950 2909 quam
960 2854 1035 2911 ipse
1046 2856 1319 2910 expeditissima
1327 2855 1516 2896 methodo
1524 2854 1628 2896 suam
1634 2855 1726 2896 fecit

643 2912 727 2964 εἷμαι
737 2907 807 2955 ὃές,
821 2910 878 2960 219tfx
888 2916 1089 2966 πορφυρρῖν,
1099 2913 1221 2962 λόγοισι
1242 2913 1405 2956 ποικίλας
1414 2914 1548 2956 καλοῖς.

411 2971 532 3021 Hunc
548 2973 731 3010 eximium
749 2967 934 3008 artificem
949 2968 1334 3013 candidaeiuuentuti,
1350 2982 1534 3023 tanquam
1545 2969 1737 3025 exemplar
1751 2970 2027 3026 Chronologiae
2037 2968 2268 3025 perfeffiffis

411 3041 529 3070 mum,
539 3026 770 3065 imitandum
779 3028 1033 3080 proponimus
1044 3054 1052 3068 ‚
1067 3039 1150 3065 non
1159 3024 1278 3065 solum
1287 3038 1330 3065 ut
1337 3024 1386 3065 ad
1399 3029 1476 3064 eius
1486 3026 1718 3066 methodum
1727 3053 1739 3071 ,
1751 3024 1813 3066 sed
1830 3031 1945 3066 etiam
1961 3025 2010 3066 ad
2026 3025 2268 3078 candorem,-

412 3089 451 3126 &
467 3086 749 3137 ingenuitatem
765 3081 835 3121 sese
852 3094 1109 3136 componant.
1147 3082 1236 3136 Qi
1251 3082 1309 3121 his
1324 3081 1522 3122 virtutibus
1539 3086 1700 3122 caruerit
1711 3110 1723 3128 ,
1741 3086 1855 3130 etiarn
1871 3082 1897 3122 fi
1918 3087 1963 3126 εἰς
1981 3083 2082 3139 οἵκςον
2099 3077 2248 3133 κηδείας

409 3137 594 3185 {Annaeum}
612 3136 634 3188 ᾖ
642 3167 653 3184 ,
671 3136 802 3177 frustra
826 3137 875 3177 ad
898 3137 976 3177 hoc
999 3137 1164 3177 studium
1188 3137 1259 3177 sese
1276 3137 1464 3181 conferat.
1531 3140 1764 3195 Qafenim
1787 3138 1963 3188 Catharis
1983 3144 2020 3178 &
2044 3137 2248 3193 Prophetis

408 3208 600 3248 utrunque
616 3195 735 3236 deest,
756 3194 900 3234 candor
918 3199 955 3233 δε
972 3194 1200 3240 methodus,
1219 3195 1406 3236 aemulatio
1421 3194 1552 3235 oculos
1590 3209 1725 3235 eorum
1741 3196 1974 3250 perstrinxit,
1993 3208 2042 3234 ne
2063 3208 2156 3250 opes
2168 3194 2247 3242 illas

409 3251 624 3292 reconditas
640 3251 817 3295 videant,
835 3245 1078 3302 οἱμεθοδώα-ἱοι,
1099 3266 1147 3290 ne
1159 3265 1219 3290 eas
1230 3246 1417 3305 consequi
1424 3250 1574 3305 poffint.
1602 3250 1843 3295 Methodum
1857 3264 1986 3291 autem
2002 3255 2042 3290 in
2061 3251 2118 3290 his
2134 3250 2245 3299 rebus

408 3322 526 3346 nemo
540 3306 662 3361 speret
677 3307 712 3347 se
731 3306 898 3362 adipisci,
919 3307 985 3346 nifi
1003 3311 1179 3347 omnium
1190 3312 1431 3357 exoticorum
1448 3312 1573 3348 omnis
1591 3310 1738 3363 generis
1754 3306 1981 3362 scriptorum
1996 3307 2111 3359 libros
2126 3303 2243 3355 versa-

409 3367 524 3410 ueri't,
534 3368 571 3402 δε
587 3378 633 3404 ex
648 3364 799 3403 illorum
811 3363 952 3403 assiduo
971 3365 1127 3404 traestatu
1141 3364 1305 3419 aliquem
1320 3363 1427 3403 usum
1445 3365 1663 3420 multiplicis
1674 3363 1856 3404 doetrinae
1873 3363 1938 3411 fibi
1952 3363 2241 3417 comparaucrit.

410 3432 432 3455 a
447 3433 525 3471 quo
541 3434 728 3473 quantum
737 3420 870 3459 absunt
887 3421 1045 3461 Cathari
1055 3449 1066 3465 ,
1076 3425 1141 3475 qui
1154 3422 1202 3460 ab
1213 3424 1322 3461 omni
1332 3424 1484 3469 exotica
1492 3420 1653 3470 ledtione
1667 3419 1764 3460 adeo
1776 3419 1892 3460 auerti
1906 3418 2010 3459 sunt?
2025 3415 2153 3470 Qod
2167 3429 2240 3455 nos
2262 3464 2265 3467 ἱ

409 3486 469 3512 tot
480 3479 585 3514 annis
596 3504 607 3520 ‚
620 3490 679 3516 tot
692 3475 917 3530 scriptorum
931 3490 1010 3516 tam
1025 3476 1215 3517 sacrorum
1227 3507 1237 3523 ,
1247 3491 1363 3533 quam
1377 3480 1618 3517 exoticorum
1633 3475 1808 3532 praesidijs
1825 3476 1989 3522 instruffi
2004 3476 2065 3512 vix
2079 3471 2265 3512 tandem»,

409 3540 472 3576 ext
477 3528 633 3574 uelimus,
645 3532 684 3572 id
691 3532 868 3572 homines
876 3531 1014 3574 scilicet
1020 3535 1122 3582 nulla
1131 3534 1314 3585 doctrina,
1322 3533 1428 3579 nullo
1435 3533 1544 3588 gustu
1551 3535 1743 3589 literarum
1749 3532 1910 3590 praediti,
1917 3529 2054 3592 rusti-ci,
2063 3527 2248 3627 agfglstesta
2258 3556 2264 3593 '1

710 3596 713 3598 ’
2109 3598 2123 3629 1¹
2165 3596 2240 3631 01ae
