2366 4040
565 283 1371 336 PROLEGOMENA„'

78 364 195 410 Nifim
207 362 354 407 assumi,
373 361 481 417 quod
494 364 657 404 rationes
676 365 770 405 Solis
788 369 825 403 δε
843 374 909 408 w
921 361 1018 411 imm
1035 363 1204 415 ἰσὴμερρινῆ
1219 368 1389 419 exigunt-¹,
1432 361 1510 403 Sed
1532 361 1635 402 unde
1652 362 1779 417 potius
1796 364 1922 418 colligi

74 422 212 480 potest,
224 423 333 474 ijTfi
352 419 488 474 Aprilis
506 418 667 460 noness'e
681 419 971 461 remotissimum
983 420 1352 474 Terminum,quain
1367 433 1415 459 ex
1432 420 1637 459 interuallo
1652 423 1789 464 citimi,
1811 425 1848 458 δέ
1867 434 1923 458 re-

75 475 292 519 motiffimi?
311 480 459 527 citimus
477 474 680 517 Terminus
696 477 867 519 Nicenus
885 478 942 511 Χὶῖ
956 475 1098 526 Martij.
1121 475 1390 516 remotissimus
1407 489 1497 512 XV11
1513 491 1525 512 r
1547 476 1704 530 Aprilis.
1739 472 1922 515 Interual-

74 536 174 579 lum,
191 534 268 574 dies
290 547 349 568 xxv
359 549 408 576 iii,
421 536 484 586 qui
495 546 574 571 non
585 533 637 572 est
650 533 760 573 iustus
775 532 914 572 modus
928 531 1062 570 mensis
1077 533 1234 571 Lunaris
1246 559 1257 576 ,
1273 545 1440 585 quantus
1452 530 1570 570 debet
1585 535 1749 582 interijci
1763 537 1861 572 inter
1870 536 1924 571 ci«

75 595 237 634 timum,
255 595 294 629 &
308 587 596 628 remotiffimum
614 590 869 629 nouilunium.
913 586 1084 642 Ideoque
1101 587 1216 627 debet
1234 586 1305 626 esse
1331 603 1376 625 xx
1388 603 1400 625 1
1414 602 1434 623 x
1453 586 1622 633 dierum,
1644 602 1726 628 non
1745 594 1860 631 xxviii,
1878 600 1920 627 ut

75 647 193 687 hodie
201 646 263 686 est.
298 645 414 684 Certe
428 645 561 683 nullius
572 649 690 696 magis
706 643 891 684 referebat
905 643 983 683 hoc
994 642 1241 686 considerare,
1256 658 1374 698 quam
1387 643 1670 683 Mathematici.
1702 643 1835 683 Hodie
1853 639 1922 699 'igi-

76 717 138 742 tur
153 707 301 742 citimus
318 700 520 739 Terminus
538 705 596 738 ῐῐεῖ
609 699 735 750 Martij
749 705 789 738 in
800 702 901 739 anno
919 714 1023 739 nouo
1035 730 1043 742 ‚
1062 714 1106 739 ut
1117 701 1232 745 olim,
1250 698 1520 740 remotiffimus
1538 712 1666 738 autem
1680 703 1720 738 in
1737 702 1792 737 ii}
1809 701 1920 754 Apri-

74 760 135 799 lis.
169 756 414 797 Interuallum
433 755 509 795 dies
526 756 546 793 it
557 758 640 800 ῐῖῗ-ῖ,
657 756 769 795 iustus
786 756 923 796 modus
935 755 1070 795 mensis
1091 757 1354 796 cauiLunaris.
1394 756 1430 794 Si
1446 759 1559 809 igitur
1571 757 1726 796 Clanius
1741 758 1919 810 imperfe-

78 817 180 854 &uin
199 816 274 853 hoc
288 813 788 852 terminoruminteruallum
806 812 1069 853 confiderasset
1079 840 1090 857 ,
1102 811 1210 866 quod
1220 812 1274 851 cst
1291 824 1444 850 tantum
1455 811 1604 851 dierum
1622 824 1742 854 xxviii,
1763 812 1811 851 ad
1824 813 1918 852 illius

77 871 407 926 complementum
418 867 520 906 diem
537 866 658 908 deesse
676 867 1012 911 animaduertisset,
1031 883 1076 907 ac
1093 867 1256 923 proinde
1272 880 1291 901 x
1305 880 1325 902 v
1338 885 1348 903 i
1362 885 1392 904 ιι
1412 868 1514 906 diem
1527 869 1683 922 Aprilis,
1697 882 1780 922 quae
1796 867 1848 908 est
1863 872 1918 908 vi-

77 926 217 982 gesima
228 927 358 966 octaua
368 937 389 961 a
400 927 532 964 citimo
543 929 708 965 termino
717 954 726 970 ,
736 940 818 965 non
827 923 899 965 esse
909 923 1200 964 remotissimum
1211 923 1445 962 Terminum
1458 923 1623 963 iudicare
1636 922 1826 978 potuisset.
1843 925 1916 964 Ita-

78 997 152 1038 que
167 986 260 1020 mira
276 979 345 1019 fuit
358 980 419 1018 illa
432 984 620 1035 imperitia
635 981 683 1021 de
699 978 860 1036 collegio
875 982 1102 1037 Epa-etatum
1119 979 1389 1020 concolorium
1407 979 1457 1018 ad
1474 978 1744 1019 declinandam
1762 980 1918 1021 neceffi-

78 1052 195 1078 tatem
209 1040 360 1076 termini
373 1035 552 1089 Pasclialis
569 1041 609 1077 in
629 1039 692 1075 κ’ῑῐ
718 1039 854 1093 Aprilis
868 1068 877 1082 ‚
901 1035 1233 1092 quemadmodum
1252 1041 1290 1074 &
1308 1034 1356 1074 de
1373 1037 1508 1091 epastis
1520 1034 1763 1077 discoloribus
1780 1066 1789 1080 ‚
1809 1038 1918 1092 quod

77 1099 217 1135 euitare
230 1101 397 1149 poterat,
424 1091 458 1132 'si
480 1094 635 1149 Epac'tas
655 1094 703 1134 ad
721 1095 939 1137 nouilunia,
953 1094 1151 1133 nouilunia
1169 1105 1298 1131 autem
1316 1091 1365 1130 ad
1384 1091 1642 1132 characterem
1658 1092 1771 1141 medii
1787 1107 1917 1133 motus

76 1152 194 1193 Lunae
210 1147 558 1189 accommodasset.>
592 1151 671 1193 Iam
689 1153 846 1205 prepter
856 1148 956 1199 ‘illud
976 1148 1125 1203 signum
1140 1148 1167 1174 ἐκ
1186 1152 1227 1186 in
1242 1146 1422 1187 Kalendis
1447 1148 1683 1188 collocatum
1699 1163 1780 1190 non
1797 1148 1919 1191 solum

74 1208 195 1248 aliena
209 1207 372 1246 Lunatio
385 1220 454 1259 pro
474 1204 637 1245 Paschali
652 1204 826 1249 sumitur,
838 1203 899 1244 sed
915 1208 1031 1244 etiam
1048 1218 1129 1244 non
1145 1218 1229 1244 raro
1239 1202 1382 1243 Pascha
1400 1206 1606 1256 οἰνωςκπμον
1629 1205 1807 1245 celebrari
1821 1221 1917 1246 con-

75 1268 200 1318 tinget
214 1260 358 1317 septeni
375 1262 505 1301 diebus
523 1260 652 1307 sei-ius,
678 1276 795 1316 quam
812 1265 975 1301 rationes
1000 1261 1119 1300 Lunae
1135 1264 1352 1316 patiuntur,
1379 1265 1528 1315 quoties
1555 1265 1737 1301 terminus
1760 1262 1919 1302 Pascha<

73 1321 119 1362 lis
129 1322 377 1359 Dominicam
385 1322 555 1357 incurrit:
572 1318 679 1372 quod
688 1333 790 1358 anno
806 1317 994 1374 superiore
1012 1324 1055 1355 16
1059 1334 1080 1356 o
1089 1331 1103 1367 5
1117 1317 1274 1357 accidit:
1289 1323 1328 1357 δε
1338 1321 1399 1357 vix
1407 1318 1512 1356 aliter
1521 1323 1740 1372 continget,
1766 1323 1917 1371 quoties

75 1376 278 1415 Terminus
289 1388 377 1413 cum
390 1374 598 1414 Dominica
607 1386 820 1420 concurret.
857 1376 1001 1428 Qum
1013 1377 1076 1411 vix
1087 1372 1244 1411 tandem
1254 1373 1330 1412 hoc
1338 1377 1474 1413 vitium
1484 1373 1625 1428 velipse
1634 1373 1918 1413 animaduertis-

74 1429 320 1483 set,vel‚qu:›d
330 1429 571 1469 verosimilius
583 1430 647 1474 est,
656 1432 744 1469 alius
756 1425 1127 1472 eiindicauisset‚non
1137 1425 1257 1466 defuit
1267 1428 1316 1465 illi
1327 1428 1478 1470 latebra,
1491 1428 1666 1482 adquam
1680 1428 1918 1483 confugeret,

75 1500 119 1527 ut
130 1486 177 1526 de
216 1498 350 1525 uatuor
359 1486 485 1529 literis,
495 1500 585 1543 quas
597 1498 670 1525 tres
686 1498 837 1524 tantum
850 1484 921 1524 esse
929 1484 1034 1524 dixit.
1067 1484 1135 1523 Ait
1146 1486 1261 1527 enim,
1273 1482 1299 1521 fi
1312 1481 1421 1522 serius
1431 1484 1668 1524 Neomenias
1681 1485 1829 1539 Epaerae
1839 1490 1919 1526 eius

76 1501 412 1595 ostendunuquam
426 1545 587 1581 rationes
598 1543 728 1586 Lunae,
737 1541 775 1581 id
786 1540 820 1580 se
830 1540 1002 1581 consulto
1012 1538 1261 1594 facere,quod
1274 1539 1629 1594 malitmora,quam
1640 1544 1917 1595 anticipatione

75 1612 246 1656 peccare.
273 1598 437 1637 Stultum
451 1596 534 1636 sane
544 1598 753 1641 hominem,
760 1602 882 1652 qui,ut
891 1598 993 1639 Cato
1003 1595 1154 1637 dicebat
1161 1624 1172 1642 ,
1181 1597 1315 1635 maluit
1323 1596 1477 1650 culpam
1485 1596 1814 1652 deprecari,quam
1825 1596 1920 1637 effu-

75 1670 174 1711 gere.
195 1655 311 1694 Certe
322 1653 499 1694 omnibus
507 1652 572 1692 illis
585 1658 789 1704 temerarijs
799 1654 999 1694 conatibus
1009 1652 1165 1708 desungi
1177 1650 1366 1708 potuisset,
1384 1651 1409 1690 fi
1417 1679 1428 1696 ,
1438 1652 1592 1706 quodin
1603 1653 1776 1693 Elencho
1787 1654 1919 1694 nostro

77 1713 127 1751 illi
140 1710 392 1753 suadebamus,
411 1708 629 1765 persuadere
639 1708 895 1765 potuissemus.
933 1709 1008 1749 Sed
1018 1710 1123 1748 illum
1133 1709 1241 1749 valde
1250 1708 1593 1763 decepitiudicium
1604 1707 1722 1754 suum,
1728 1710 1835 1764 quod
1845 1724 1917 1750 nos

76 1771 208 1823 nugari
221 1764 458 1822 putauerit,ie
469 1779 597 1804 autem
606 1764 726 1804 solum
735 1765 872 1820 sapere.
899 1765 1014 1820 Qd
1023 1765 1191 1820 frigidius
1206 1769 1334 1821 potuit
1344 1763 1708 1820 dicere,quanquam
1718 1765 1917 1806 confideri*

78 1820 466 1878 ter‚pronunciauit,se
476 1821 585 1859 malle
595 1834 834 1873 mora‚quam
845 1825 1128 1874 anticipatione,
1141 1833 1299 1874 peccare
1314 1830 1324 1859 ?
1337 1820 1442 1860 Itane
1453 1821 1571 1861 Lunae
1579 1820 1807 1876 praescribet,
1829 1826 1917 1876 quia

78 1879 156 1934 ipse
163 1881 336 1932 peccauit
346 1887 448 1930 >quae
460 1876 541 1915 haec
553 1876 605 1915 est
615 1875 868 1920 confidentia,
882 1876 1074 1914 Terminis
1090 1875 1459 1931 paschalibus,atque
1474 1877 1570 1917 adeo
1580 1877 1648 1932 ipsi
1655 1878 1773 1918 Lunae
1788 1879 1914 1933 legem

81 1935 181 1978 dare,
191 1936 358 1973 terminis
368 1932 526 1972 Nicenis
535 1946 637 1972 noua
645 1930 725 1971 iura
733 1932 960 1972 constituere
971 1960 982 1976 ,
993 1931 1095 1986 quast
1105 1930 1170 1986 ipfi
1187 1936 1340 1971 termini
1351 1931 1481 1974 saeculo
1490 1934 1644 1974 Niceno
1656 1948 1724 1988 per
1732 1939 1916 1989 anticipa-

80 1995 229 2031 tionem
244 2017 255 2033 ,
267 1988 322 2038 »(ςᾷ
337 1986 552 2040 περέμνῆωσιν
569 1991 830 2043 peccauerint,
843 1992 908 2043 qui
922 1990 970 2028 ad
984 1988 1101 2027 Lunae
1113 2000 1267 2028 motum
1280 1993 1350 2028 rire
1358 1990 1647 2030 accommodati
1662 1988 1800 2030 essent:
1821 1991 1915 2029 Ter-

80 2050 192 2087 minis
203 2057 330 2085 autem
339 2045 528 2084 Cluuianis
543 2042 742 2084 necessaria
751 2043 792 2083 sit
800 2043 1096 2098 possiduvflwnnqui
1106 2058 1188 2083 non
1196 2044 1358 2085 aduertit
1367 2045 1410 2085 id
1416 2046 1588 2087 accidere
1596 2059 1754 2102 propter
1765 2046 1916 2101 signum

82 2103 113 2130 ³*
126 2107 166 2142 in
181 2099 357 2141 Kalendis
368 2099 605 2155 appositum?
628 2102 732 2155 Qis
747 2101 1014 2140 concolorium
1025 2101 1259 2155 epaCtarum,
1279 2105 1361 2156 quis
1381 2100 1623 2142 discolorium
1636 2107 1740 2159 paria
1755 2102 1831 2142 sine
1845 2101 1917 2142 risu

82 2158 244 2214 aspicere
258 2156 382 2212 potest
399 2166 408 2194 ὲ
427 2155 611 2196 Consula't
626 2157 780 2196 Ciauius
799 2156 1069 2197 Kalendarium
1086 2156 1267 2197 nostrum.
1287 2157 1389 2197 nulla
1400 2171 1581 2214 portenta
1595 2163 1635 2198 in
1657 2160 1724 2198 illis
1740 2162 1916 2214 reperiet,

83 2228 165 2255 non
177 2217 277 2270 paria
286 2213 515 2268 efficiatum,
534 2225 616 2251 non
633 2215 777 2267 epactas
791 2216 1031 2267 nigras,‘n0n
1041 2213 1142 2252 illam
1159 2214 1333 2253 ultimam
1349 2227 1470 2254 atram
1485 2221 1524 2254 &
1535 2213 1718 2255 nefastam
1731 2229 1771 2259 19
1783 2219 1824 2252 in
1839 2213 1918 2253 fine

83 2275 192 2313 anni,
208 2272 324 2324 quani
335 2267 410 2308 sine
421 2267 619 2308 stomacho
633 2282 758 2322 neque
771 2269 899 2309 videre
908 2296 919 2314 ,
928 2283 1056 2323 neque
1069 2273 1238 2324 cogitare
1254 2268 1458 2325 possumus.
1491 2271 1607 2325 Qid
1625 2275 1790 2325 ineptius
1799 2297 1810 2314 ,
1823 2267 1918 2323 quid

82 2331 212 2367 vanius
230 2326 290 2364 illa
304 2328 482 2380 congerie
498 2325 783 2365 no'uiluniorum
800 2325 892 2364 illius
911 2324 1092 2365 Coloffici
1113 2325 1336 2370 voluminis,
1356 2330 1460 2366 cuius
1472 2325 1672 2366 dimidiam
1687 2339 1837 2382 partem
1857 2326 1919 2365 illa

83 2381 265 2438 indigesta
279 2382 398 2421 moles
413 2380 479 2420 sibi
494 2381 660 2421 vindicat
671 2381 774 2421 ?Nos
793 2381 826 2420 ei
843 2385 1076 2436 opponimus
1095 2380 1348 2422 breuissimam
1356 2381 1555 2422 Tabellam
1572 2382 1758 2423 tredecim
1776 2395 1918 2421 ennea-

83 2437 370 2482 decaeteridon,
390 2432 584 2493 cuiuspars
601 2438 704 2493 prior
719 2437 921 2488 nouilunijs
935 2438 1089 2492 Aprilis,
1107 2437 1292 2493 posterior
1307 2439 1509 2488 nouilunijs
1526 2437 1653 2489 Marti]
1675 2438 1828 2478 inseruit
1839 2465 1847 2481 ,
1869 2437 1919 2478 ad

84 2508 202 2548 quam
213 2493 305 2534 sivel
323 2507 417 2549 puer
428 2494 533 2533 litera
547 2494 800 2540 Dominicali,
819 2499 856 2532 δε
873 2494 1036 2533 numero
1052 2507 1167 2535 aureo
1175 2494 1373 2534 instructus
1390 2493 1460 2534 sese
1476 2493 1670 2539 conferat,
1692 2495 1817 2534 statim
1830 2494 1923 2533 cha-

84 2552 264 2590 meterem
288 2550 470 2600 nouilunij
491 2548 680 2605 sublegere
700 2549 813 2604 possit
828 2577 839 2594 ,
863 2555 901 2588 δε
925 2552 1096 2604 epa&am
1115 2554 1149 2589 ei
1167 2563 1188 2588 e
1209 2551 1367 2604 regione
1390 2549 1687 2604 respondentem
1714 2550 1918 2594 assumere,
1936 2555 1937 2562 ¹

86 2619 170 2660 quae
183 2608 250 2661 per
264 2607 392 2646 totum
410 2609 555 2646 annum
575 2606 771 2645 nouilunia
787 2605 986 2644 indicabit.
1042 2605 1225 2644 Praeterea
1241 2605 1431 2644 Tabulam
1455 2606 1602 2659 aliquot
1614 2606 1778 2645 millium
1795 2619 1919 2646 anno-

87 2675 172 2701 rum
188 2660 263 2701 fine
279 2663 355 2702 ullo
373 2662 501 2702 labore
516 2662 733 2702 construere
752 2660 893 2714 potest.
947 2661 1004 2698 Ibi
1021 2660 1122 2698 nulla
1140 2659 1308 2698 monstra
1327 2659 1412 2698 sunt
1426 2687 1438 2704 ,
1456 2662 1567 2699 nullae
1583 2662 1721 2716 epa&ae
1739 2665 1779 2700 in
1799 2675 1918 2701 unam

96 2717 410 2760 diemconiec'tie,'
424 2718 525 2756 nulla
541 2718 706 2756 Lunatio
723 2715 870 2755 dierum
892 2729 910 2749 x
922 2729 986 2751 xxx
1004 2741 1015 2758 ‚
1031 2728 1156 2768 neque
1173 2715 1241 2753 alia
1257 2716 1379 2765 Clauij
1399 2728 1640 2761 commenta,
1660 2730 1779 2770 quem
1790 2717 1919 2756 homi-

88 2786 202 2818 nem,
217 2774 375 2812 alienam
392 2773 509 2812 fidem
525 2771 699 2825 sequutus
713 2799 724 2816 ,
743 2771 962 2810 testimonio
978 2773 1089 2809 nimis
1106 2768 1301 2815 insolenti,
1321 2771 1428 2825 quod
1441 2771 1643 2811 fatendum
1667 2772 1741 2817 est,
1765 2776 1917 2813 ornaui.

91 2829 184 2867 Satis
201 2827 308 2868 huius
327 2832 512 2877 temerarij
530 2829 654 2877 iudici}
677 2830 752 2866 mei
767 2840 898 2881 poenas
915 2839 978 2865 me
993 2823 1095 2866 luiffe
1111 2839 1206 2881 puto
1224 2830 1237 2871 3
1259 2839 1381 2881 quum
1398 2840 1458 2866 tot
1474 2826 1705 2868 Censoribus
1728 2829 1918 2885 vapulaui,

90 2897 256 2937 quorum
274 2885 329 2934 alij
346 2888 456 2923 amici
473 2911 484 2928 ‚
502 2884 558 2933 aiij
578 2882 755 2922 derisores
771 2893 877 2921 erant
891 2909 901 2927 ,
918 2879 981 2921 sed
992 2894 1124 2922 tamen
1141 2896 1275 2923 omnes
1293 2896 1373 2923 uno
1392 2897 1458 2924 ore
1473 2896 1552 2923 tam
1576 2883 1674 2923 infra
1690 2884 1919 2940 dignitatem

89 2953 234 2983 meam,
251 2954 366 2992 quarn
383 2938 489 2993 supra
503 2952 659 2994 captum
672 2943 748 2978 eius
761 2938 954 2981 dicebant,
967 2952 1056 2978 eum
1069 2953 1090 2977 a
1102 2953 1166 2978 me
1178 2938 1337 2979 laudari.
1371 2941 1445 2979 Vix
1462 2939 1621 2979 tandem
1640 2940 1918 2981 animaduerte-

89 3008 150 3038 re,
170 3000 208 3033 &
222 2995 322 3048 quasi
334 2995 507 3033 manibus
528 2996 679 3049 palpare
700 2998 793 3050 cae'pi
807 3022 819 3039 ,
835 2994 938 3044 ‚nihil
954 2995 1004 3034 illi
1020 2989 1154 3038 inesse,
1175 2995 1282 3049 quod
1298 2994 1421 3050 ipsum
1443 2996 1717 3037 commendare
1733 2997 1845 3052 poffit
1862 3026 1873 3043 ‚
1893 2996 1920 3037 fi

89 3049 360 3090 mathematica
378 3054 441 3096 (in
455 3063 533 3104 quo
550 3050 673 3091 studio
685 3048 750 3104 qui
768 3051 942 3095 excellat,
959 3062 1048 3090 eum
1065 3064 1246 3107 magnam
1267 3051 1421 3091 laudem
1438 3057 1572 3093 mereri
1590 3066 1671 3093 non
1688 3067 1805 3109 nego.
1837 3067 1920 3093 non

90 3110 142 3145 ita
152 3107 312 3155 insanio)
332 3109 493 3160 excipias
506 3133 517 3150 ,
533 3109 572 3144 in
584 3106 718 3160 quibus
734 3107 794 3146 ille
812 3107 991 3162 exlongo
1010 3106 1138 3147 labore
1154 3112 1293 3163 magis,
1313 3122 1430 3162 quam
1445 3123 1491 3148 ex
1510 3113 1649 3164 ingenij
1670 3110 1842 3149 bonitate
1856 3111 1924 3160 alif

89 3175 206 3216 quem
215 3160 320 3201 usum
330 3161 512 3202 habet.Vt
523 3161 615 3217 sae'pe
623 3166 747 3202 mirari
756 3161 937 3208 subeat‚in
945 3176 1005 3204 tot
1012 3164 1174 3204 millibus
1183 3164 1389 3204 hominum
1397 3169 1595 3204 neminem
1603 3169 1722 3221 magis
1733 3165 1921 3206 idoneum

86 3217 159 3257 isto
171 3221 322 3272 reperiri
334 3216 509 3272 potuisse,
529 3221 593 3272 qui
603 3218 693 3258 huic
703 3219 937 3275 castigationi
948 3219 1316 3275 annipraeficeretur,
1326 3220 1388 3260 sed
1398 3235 1444 3260 ex
1458 3235 1504 3261 eo
1515 3249 1526 3265 ,
1543 3233 1694 3261 tanturn
1710 3222 1818 3276 quod
1834 3222 1921 3261 Ma-

89 3274 317 3313 thematicus
326 3273 381 3317 fit,
390 3272 565 3313 homines
573 3274 873 3316 iudicasseetiam
889 3283 969 3316 tam
984 3276 1107 3316 arduae
1119 3281 1323 3331 prouinciae
1331 3291 1420 3315 eum
1435 3275 1601 3317 sufficere
1617 3276 1733 3333 posse.
1746 3277 1855 3334 Qid
1866 3292 1941 3318 er·-

87 3342 140 3384 go
150 3329 279 3369 dicent
289 3327 454 3368 eiusdem
470 3329 576 3381 studij
594 3330 771 3372 homines
783 3333 982 3378 ambitiosi,
992 3337 1057 3388 qui
1068 3332 1281 3372 doctrinam
1297 3332 1344 3372 de
1357 3337 1502 3372 ratione
1517 3344 1738 3389 temporum
1757 3334 1822 3375 sibi
1839 3334 1922 3374 solis
1936 3356 1943 3359 >

87 3384 301 3426 vindicant,
322 3390 482 3439 eamque
497 3387 636 3427 anobis
651 3390 796 3429 traceari
811 3404 907 3446 aegre
922 3391 1067 3432 ferunt,
1084 3401 1205 3442 quum
1228 3403 1362 3429 eorum
1378 3389 1640 3444 antesignanus
1657 3403 1717 3431 tot
1761 3395 1921 3431 ortentis

88 3440 190 3493 haue
205 3445 294 3481 anni
311 3440 522 3482 editionem
539 3441 778 3486 deformarit,
792 3460 874 3500 quae
889 3446 982 3486 nihil
1002 3445 1078 3484 sine
1094 3446 1167 3485 ulla
1177 3448 1404 3500 exceptione
1415 3445 1541 3489 habet,
1553 3446 1661 3501 quod
1678 3405 1922 3503 caliigatione

89 3497 344 3552 non-indigeat
357 3506 367 3535 .>
378 3497 559 3552 Castigari
566 3505 705 3544 autem,
714 3500 783 3541 nisi
792 3514 875 3542 tota
885 3503 1122 3546 instauretur,
1131 3501 1246 3555 idque
1256 3516 1318 3545 eo,
1331 3516 1409 3556 quo
1418 3507 1666 3558 praecepimus
1675 3533 1683 3547 ,
1695 3504 1829 3548 m0d0‚
1841 3517 1921 3543 non

91 3551 222 3607 potest.
255 3554 395 3611 Neque
409 3558 461 3595 ita
474 3554 525 3594 sui
534 3556 639 3614 pleni
651 3555 740 3605 sint,
753 3571 818 3600 aut
833 3558 959 3601 nostra
971 3563 1224 3601 contemnant
1234 3583 1246 3604 ,
1260 3570 1304 3600 ut
1313 3559 1420 3601 aliter
1433 3559 1629 3602 emendari
1637 3558 1744 3617 posse
1761 3560 1924 3653 spei-eunlt.

126 3627 161 3634 ”¹
235 3630 238 3633 ’
1811 3616 1851 3655 N
1867 3615 1887 3631 ³
1905 3625 1925 3651 a
