2366 4040
341 250 412 286 ¹90

326 292 472 342 ’mmuh
492 311 525 336 ut
544 300 596 335 hic
614 307 761 332 notatur:
778 295 876 330 altera
887 309 1022 331 numero
1033 308 1158 331 MMLX1
1175 309 1183 330 ε
1204 309 1271 345 quo

342 364 494 401 tempore
505 349 632 395 Regina
642 346 885 381 Adiabenorum
907 347 1032 380 Helena
1042 374 1049 386 ‚
1071 348 1221 392 coempta
1231 358 1271 381 ex

342 405 614 449 AEayptoannona
627 417 635 432 ,
654 393 773 429 famem
792 395 1038 440 Judaeaelevavit
1050 418 1059 434 ‚
1075 397 1271 441 auctorejo-

338 432 454 498 septim,
465 447 519 480 lib.
530 456 590 481 xx,
602 456 672 492 cap.
684 457 695 478 1
707 456 717 478 ε
727 457 739 478 1
757 444 863 491 :quod
874 445 989 479 accidit
1003 472 1010 484 ‚
1022 456 1119 492 quum
1131 443 1193 491 ipsa
1204 446 1272 480 Re-

340 501 415 549 gina
426 496 577 530 abdicato
586 493 748 527 idolorum
760 493 846 526 cultu
855 493 961 540 legem
980 498 1011 529 &
1024 495 1098 528 ritus
1110 493 1274 528 Mosaicos

339 547 489 592 amplexa
504 543 563 577 est·
586 544 704 578 eodem
725 542 783 575 lib.
803 554 871 588 cap.
891 540 1031 576 secundo
1049 569 1059 584 ,
1078 542 1274 576 “fonsulibus

337 594 478 632 suffectis
493 590 595 630 Rufo,
608 599 637 628 ὃ(
650 591 1163 638 PompejoSilvano‚lmperatore
1175 593 1276 627 Clau-

338 645 396 680 dio
407 640 553 679 Consule
568 655 598 674 ιν
611 640 789 690 designate.
815 641 941 675 Eodem
951 642 1035 675 libro
1045 663 1054 679 ‚
1074 654 1145 688 cap.
1157 642 1274 689 primo.

338 695 432 742 Qae
442 692 489 726 est
500 690 600 725 fames
611 691 688 738 ipla‚
702 702 797 739 quam
809 690 952 736 praedixit
962 691 1107 738 Agabus,
1117 703 1181 725 non
1193 691 1272 730 haec,

334 756 406 793 quae
419 753 555 776 numero
565 751 697 774 ΜΜινιι
710 752 721 774 1
735 740 881 787 contigit.
907 740 1102 775 Triennium
1120 739 1274 790 igiturin-

336 791 438 828 terest
446 792 531 825 inter
542 788 702 837 utriusque
710 787 802 822 famis
813 799 953 835 tempus.

385 841 472 876 lbid.
491 840 624 874 Claudius
639 841 673 872 de
683 840 822 873 Britannia
832 840 1046 889 triumphavit]
1076 841 1114 874 In
1127 838 1270 876 Octavia

333 889 540 939 kTragoedia:
804 891 806 894 ’

459 945 491 972 Et
506 940 553 983 qui
575 939 714 971 Britannis
727 939 831 983 primus
851 937 976 984 imposuit
991 937 1074 985 juga.

329 989 488 1027 Historici
501 993 668 1034 praetexea,
677 987 812 1032 lapides,
823 992 852 1022 ἃ
865 988 998 1020 numini.
1036 988 1157 1022 Eadem
1168 987 1267 1022 verba

331 1038 542 1075 Caffiodorus
553 1036 681 1075 retulit,
696 1035 848 1084 Crispino
857 1040 887 1071 δι
900 1037 1013 1071 Tauro
1025 1038 1114 1071 Con.
1126 1038 1188 1072 hoc
1196 1036 1267 1084 ipio

329 1101 431 1125 anno-

381 1137 500 1181 ‚,1bid,
528 1136 662 1171 Claudius
671 1135 704 1169 de
713 1137 863 1171 Britasmiis
874 1136 1084 1186 triumphavit]
1106 1137 1267 1172 Debella-

324 1190 360 1230 '‚‚
371 1185 591 1223 tieBritanniae
602 1188 697 1219 ductu
706 1186 824 1231 *Plautii
839 1184 1003 1224 Praefecti,
1019 1187 1132 1219 virtute
1143 1186 1269 1234 Vespa-

322 1245 449 1285 „fiani‚
478 1244 678 1290 Xiphilinus:
703 1256 756 1284 i<9q
778 1234 851 1275 ἕτω
867 1235 937 1279 2132
959 1234 1022 1273 τίω)
1040 1231 1268 1288 απκξὶωζὶνξ

322 1322 353 1345 ,,
363 1291 533 1347 Νοιρκῖοεπ
545 1291 760 1339 ἐπ-εἰάθησαν,
776 1308 801 1347 ²3
816 1293 854 1332 εἰς
866 1288 891 1331 ²>
906 1302 1099 1341 szrowmw
1113 1291 1268 1337 ἐπεραιῶ-

322 1378 353 1398 ³>
368 1357 477 1402 θησαν
489 1348 540 1387 ὅτε
562 1351 614 1395 καὶ]
635 1348 886 1395 ornav-affimat
905 1348 930 1385 ²1⁸-
945 1347 1262 1396 ζφυῆμαιτηγέντων

319 1435 342 1454 ,,
369 1405 416 1459 τῷ
439 1402 599 1456 nRoeura'cp
623 1399 665 1442 6ίῖ
675 1403 790 1450 ἠνὲχῇη
812 1406 845 1439 ἐν
869 1400 914 1454 τῷ
938 1398 1141 1453 Βρετοωνικῷ
1168 1401 1262 1455 τ3’τῳ

317 1487 349 1510 ,,
364 1461 506 1511 πολέμῳ.
538 1468 618 1498 Inde
633 1463 788 1497 summam
801 1462 940 1497 victoriae
950 1474 979 1496 ei
998 1462 1144 1496 attribuit
1162 1463 1262 1498 Vale-

316 1537 347 1557 „
359 1517 422 1550 rius
434 1516 565 1549 Flaccus
579 1515 701 1547 Poeta:

318 1588 346 1608 ,‚
503 1578 548 1585 —
562 1569 666 1604 Tuque,
680 1574 706 1603 o,
717 1562 806 1606 pelagi
818 1561 862 1593 cui
875 1560 966 1606 major
978 1558 1067 1605 aperti

316 1636 346 1655 ‚,
435 1619 536 1651 Fama,
550 1612 716 1645 catedomus
723 1614 865 1655 postquam
876 1620 924 1642 tua
931 1610 1044 1655 carbasa
1055 1610 1133 1644 vexit

314 1684 345 1703 2,
424 1669 554 1696 Oceanm
564 1663 689 1709 Phrygios
699 1671 770 1704 prim
779 1660 940 1702 indignatus
950 1661 1034 1691 iulos.

316 1733 346 1752 2,
362 1709 539 1746 Manifesto
565 1711 608 1743 ait
630 1708 830 1743 Britanniam
843 1709 859 1740 a
870 1708 1001 1752 C.Julio
1012 1704 1260 1742 Caesarefrustra

315 1783 345 1801 ³,
360 1771 514 1796 tentatam
524 1782 534 1798 ,
547 1758 564 1793 a
577 1758 718 1794 Claudio
731 1757 918 1803 repetitam,
941 1759 970 1791 ἃ
984 1756 1141 1790 domitam
1150 1753 1257 1797 fuifle,

313 1833 342 1852 ³‚
353 1810 485 1858 ejusque
498 1807 636 1843 victoriae
652 1807 806 1849 majorem
828 1816 950 1852 partem
970 1806 1008 1840 ad
1029 1803 1259 1852 Vespafianum

312 1881 341 1903 2,
350 1861 524 1908 pertinere.
555 1858 753 1905 Pomponius
765 1856 870 1889 Mela:
889 1856 1036 1889 Britannia
1045 1854 1260 1901 qualiafihqua-

319 1931 348 1950 2,
357 1910 449 1956 lesque
459 1917 619 1955 progeneret
629 1934 636 1946 ‚
657 1918 723 1941 mox
733 1915 851 1939 certiora
860 1905 896 1942 ὠ*
906 1910 992 1948 magis
1009 1906 1155 1949 explorata
1164 1906 1258 1939 dicen-

310 1983 340 2001 „
352 1969 418 1997 tur,
438 1957 657 2003 quippetamdiu
665 1955 788 2002 claujam
805 1964 895 2000 aperit
916 1965 978 1988 ecce
987 1956 1144 1999 Principum
1162 1956 1258 1988 maxi-

312 2029 341 2048 „
352 2019 478 2054 mm‚nec
487 2008 686 2041 indomitarum
696 2006 775 2039 mode
784 2003 896 2049 antese,
915 2015 1012 2037 verum
1021 2005 1180 2048 ignotarum
1188 2015 1258 2048 qua-

312 2081 340 2098 „
353 2070 406 2103 que
417 2059 546 2103 gentium
554 2057 648 2090 vic‘tori
659 2057 706 2100 qui
712 2055 887 2100 propriarum
902 2065 996 2088 rerum
1012 2062 1043 2086 ut
1058 2053 1124 2088 bello
1140 2053 1256 2101 affeifa-

316 2126 348 2153 ρ,
355 2110 407 2148 vit,
415 2107 599 2150 iratriumpho
607 2106 797 2139 declaratum
806 2111 909 2148 portat.

366 2170 451 2205 Ibid.
479 2171 514 2207 ά·
526 2170 649 2203 Orcadas
659 2167 760 2212 infidas
774 2173 894 2200 Romano
905 2166 1009 2212 adjecit
1017 2167 1162 2214 imperim]
1188 2169 1252 2201 At-

310 2229 401 2254 texta
411 2217 596 2252 Eusebianis
616 2217 656 2250 ab
665 2216 870 2262 Hieronymo
888 2226 925 2248 ex
945 2215 1076 2250 historia
1086 2214 1247 2263 Eutropii.

311 2270 389 2305 Huc
398 2266 498 2301 allusit
508 2265 687 2300 luvenalis:
830 2263 839 2271 '
1251 2271 1254 2276 ·

672 2329 717 2337 —-
741 2315 776 2351 ό*
794 2314 872 2347 modo
889 2323 983 2359 captas
1167 2353 1173 2356 Δ

372 2366 373 2369 ’
422 2365 559 2404 orcadas,
570 2375 604 2398 ac
615 2365 732 2398 minima
742 2373 879 2397 contentos
892 2365 952 2397 luce
963 2364 1123 2397 Britannos:

311 2418 423 2453 Item:
703 2428 746 2436 -
773 2417 807 2449 (9-
822 2414 897 2445 ultra

381 2464 383 2466 ’
470 2464 566 2498 Litora
584 2469 702 2499 Iuvernae
717 2473 900 2508 promovtmus
922 2484 967 2493 ....

309 2519 435 2551 Seneca
447 2528 456 2549 :
470 2521 503 2548 Et
511 2515 615 2547 caerulei
626 2513 842 2556 scotobvigantes
850 2532 860 2548 ,
881 2522 912 2544 ut
922 2511 1001 2544 olim
1010 2508 1149 2546 feliciter
1158 2511 1176 2544 ’a
1187 2522 1249 2544 no-

309 2566 361 2601 bis
380 2564 589 2599 emendatum
610 2560 671 2595 ess'e
691 2559 861 2594 afferimus.
902 2558 1123 2594 Adversantur
1137 2571 1245 2594 tamen

305 2615 454 2664 quidam,
466 2614 497 2646 in
509 2611 622 2658 quibus
635 2610 709 2643 boni
722 2610 873 2656 malique,
885 2609 971 2642 doen
982 2609 1116 2643 indocti.
1141 2609 1246 2654 Ajunt

306 2668 426 2700 Scotos
447 2671 521 2696 ante
538 2670 687 2706 tempora
704 2657 896 2692 seneTscentis
914 2658 1043 2704 imperii
1061 2669 1157 2694 notos
1178 2670 1244 2692 non

304 2712 412 2750 fuisse.
441 2712 573 2747 Utinam
585 2706 892 2743 demonstrationem
904 2708 1093 2747 attulissent,
1113 2719 1244 2756 quano-

305 2763 358 2799 bis
368 2761 511 2810 jugulum
523 2769 681 2805 peterent.
709 2762 794 2791 Ante
806 2756 1011 2791 Constantini
1023 2767 1183 2804 tempora,
1195 2757 1244 2791 in-

306 2813 435 2861 quiunt,
454 2819 565 2844 notum
577 2811 749 2842 Scotorum
770 2818 890 2858 nomen
910 2818 974 2839 non
994 2816 1072 2840 erat.
1099 2811 1242 2841 Acutum

301 2860 380 2897 sane
389 2860 488 2894 telum
501 2881 510 2897 ,
532 2857 588 2891 nisi
602 2857 788 2905 plumbeum
808 2856 896 2891 eflet.
927 2856 1190 2902 BurgundioneS,
1208 2857 1242 2889 δε

304 2908 521 2958 Langobardi
537 2906 701 2952 decrepita
720 2915 812 2938 atate
830 2904 957 2950 imperii
979 2905 1122 2939 Romani
1139 2916 1243 2951 caepe-

304 2970 383 2995 runt
392 2956 571 2992 notescere.
600 2955 677 3002 Qi
690 2966 801 2987 eorum
815 2954 1032 2990 meminerint,
1049 2951 1244 2988 devenistis-

300 3032 329 3050 „
339 3008 435 3048 simis,
448 3006 606 3049 Vellejus,
618 3008 648 3039 δι
663 3003 854 3039 Ptolemaeus
862 3012 972 3036 extant
986 3003 1096 3037 hodie.
1123 3003 1156 3037 Si
1167 3015 1242 3050 per-

301 3058 409 3095 iilient
421 3085 430 3097 ‚
442 3066 475 3090 ut
487 3055 578 3089 multi
589 3054 641 3087 alii
652 3075 661 3091 ,
671 3053 747 3086 ideo
757 3051 992 3099 Langobardos
1002 3062 1076 3086 tunc
1088 3053 1240 3099 primum,

302 3119 406 3156 quum
424 3106 457 3139 in
474 3105 599 3138 ltaliam
616 3104 795 3149 irruperunt
816 3123 825 3138 ,
847 3102 1114 3148 Burgundiones,
1139 3114 1237 3150 quum

302 3152 525 3192 'Viennensem
542 3157 572 3188 &
602 3151 772 3187 secundam
801 3148 1074 3184 Narbonnensem
1099 3163 1241 3198 occupa-

300 3216 377 3241 runt
388 3227 398 3242 ,
419 3200 482 3238 effe
493 3225 503 3241 ,
523 3206 553 3237 ὃ(
567 3202 675 3235 vocari
694 3198 816 3246 caepisse
830 3199 1034 3233 diceremus?
1059 3201 1240 3249 Anglorum

300 3265 378 3288 ante
392 3264 539 3298 tempora
549 3250 706 3299 Gregorii
717 3249 829 3297 Magni
849 3260 887 3282 ne
900 3261 1019 3282 nomen
1040 3250 1171 3297 quidem
1181 3262 1242 3283 no-

301 3312 373 3336 tum
384 3312 472 3338 erat,
492 3313 588 3347 quum
605 3311 712 3333 tamen
732 3299 764 3331 in
787 3299 946 3332 Cornelio
956 3299 1079 3332 Tacito
1098 3309 1238 3339 extaret,

300 3345 455 3396 e'xtetque
473 3350 586 3382 adhuc.
629 3349 721 3395 Qis
746 3346 864 3381 sciebat
885 3349 988 3381 (aetas
1014 3346 1147 3382 eosdem
1167 3359 1240 3382 cum

301 3399 443 3433 Gotthis
454 3399 515 3431 esse
525 3420 535 3434 ‚
557 3397 612 3430 nisi
623 3398 798 3430 Iornandes
809 3396 994 3430 indicau'et?
1012 3398 1171 3431 Getarum
1181 3409 1242 3430 no-

302 3459 380 3483 men
394 3445 633 3480 vetustissimum
646 3445 728 3490 apud
740 3447 875 3481 Graecos
887 3473 894 3483 ,
905 3447 1107 3480 Gotthorum
1120 3447 1171 3480 vix
1183 3458 1241 3492 ap-

301 3495 517 3546 pellatiopost
529 3493 777 3527 Constantinum
791 3494 877 3528 simul
894 3507 966 3527 cum
978 3495 1072 3541 ipsius
1091 3495 1239 3543 gentisin

301 3543 544 3585 fincsThraciae
562 3542 738 3586 irruptione
757 3555 832 3575 nota
842 3541 903 3576 effe
920 3545 1025 3589 caepit.
1054 3545 1130 3591 Qi
1142 3544 1240 3592 igitur

301 3609 342 3631 ex
354 3592 509 3629 Hibernia
518 3589 702 3624 ferociffimi
713 3590 743 3622 in
755 3592 952 3625 Britanniam
963 3594 1239 3637 trajecerunt‚non

300 3643 365 3680 eise
383 3652 543 3688 caeperunt
563 3661 573 3677 ‚
591 3638 646 3671 nili
669 3638 836 3685 postquam
853 3641 884 3673 in
905 3641 1068 3675 Britannia
1088 3639 1236 3675 fuerunt?

303 3693 406 3742 Qid
415 3690 558 3728 stultius?
579 3687 655 3736 quid
667 3687 804 3736 ineptius
816 3690 828 3722 ?
851 3690 914 3725 Sed
922 3700 1037 3726 eorum
1047 3690 1133 3726 nulla
1143 3701 1239 3731 men-

884 230 1217 279 JOSEPHI
1265 231 1712 269 sesemen}

1326 299 1374 332 tio
1384 298 1467 345 apud
1477 297 1685 332 Ptolemaeum
1695 324 1704 338 ‚
1727 301 1758 333 &
1772 296 1878 333 Corn.
1891 299 2057 338 Tacitum.
2083 302 2185 352 Atqui
2195 315 2257 339 nec

1328 347 1592 395 Burgundionum
1604 369 1614 385 ‚
1635 349 1666 381 ὅ(
1679 346 1966 394 Langobardorum
1979 373 1988 389 ‚
1999 351 2177 397 Anglotum
2188 377 2197 393 ,
2224 357 2257 389 &

1329 397 1545 434 Gotthormn,
1555 396 1639 442 apud
1649 395 1797 434 Plinium,
1814 396 2155 441 Strabonem‚Melam,
2167 404 2258 437 alios.

1332 445 1597 493 Qamindignae
1615 443 1683 478 sunt
1700 445 1747 479 hae
1764 445 2258 500 velitationesliberalibusinge-

1330 495 1401 528 niis.
1438 494 1530 541 Qis
1550 494 1645 541 paulo
1666 493 1848 528 Latinitatis
1866 494 2099 542 intelligentior
2121 510 2185 532 non
2202 501 2259 535 ad-

1332 544 1427 578 vertit
1454 542 1681 578 absurditatem
1707 542 1856 577 lec‘iionis
1875 544 2011 591 vulgaris
2031 566 2041 581 ‚
2075 552 2109 580 Et
2139 551 2259 582 caeruleos

1325 592 1406 639 scuta
1415 595 1574 638 Brigantas.
1602 591 1781 643 qualiscuta
1793 592 1858 628 sola
1869 593 2043 641 pingerent
2053 616 2063 633 ‚
2077 605 2109 629 ut
2120 595 2167 630 illi
2176 597 2258 644 apud

1330 643 1464 678 Poetam
1476 664 1487 681 ,
1540 676 1544 681 ,

1483 712 1529 720 -—
1552 693 1588 729 (θ’
1600 693 1667 738 pini
1677 690 1758 738 scuta
1779 692 1882 727 Labici.

1328 738 1575 776 Absurditatem
1593 744 1747 776 odoratus
1764 740 1811 776 est
1828 741 1964 777 summus
1977 742 2023 777 vir
2035 743 2194 778 Adrianus
2204 745 2261 779 Iu-

1327 792 1410 827 nius,
1427 787 1479 824 sed
1493 789 1594 823 nihilo
1603 791 1716 824 melius
1726 791 1840 835 eiloco
1850 789 2025 831 consuluit,
2049 806 2146 842 quum
2156 794 2257 841 legit,

1326 847 1364 874 Et
1381 839 1503 873 caeruleos
1518 848 1582 872 cute
1592 840 1751 884 Brigantas.
1778 841 1866 874 Nam
1886 842 1925 875 de
1934 839 2013 876 falso
2023 843 2158 876 modulo
2167 841 2261 890 sylla„-

1327 890 1375 924 bae
1384 889 1424 922 ad
1433 887 1592 921 Tribunal
1601 888 1861 923 Grammaticum
1872 890 2059 939 postulatur.
2088 892 2261 940 Brigantes

1327 937 1398 973 sunt
1406 937 1514 984 populi
1524 937 1689 971 Hiberniae
1698 938 1887 977 Ptolemaeo,
1901 941 1954 988 qui
1970 940 2108 975 florente
2118 942 2259 989 imperio

1323 989 1477 1023 Romano
1492 986 1524 1020 in
1535 986 1733 1020 Britanniam
1750 986 1962 1030 trajecerunt,
1985 990 2113 1038 ejusque
2130 989 2259 1038 septen-

1321 1037 1546 1072 trionalelatus
1561 1035 1823 1084 populationibus
1840 1036 1893 1070 diu
1910 1036 2119 1073 infestarunt:
2138 1043 2177 1074 de
2186 1039 2258 1088 qui-

1325 1086 1573 1122 busluvenans:

1405 1143 1492 1170 Dtrue
1502 1141 1667 1169 Maurorum
1679 1136 1814 1180 Attegt'as,
1828 1134 1947 1182 castella
1959 1139 2133 1183 Brigantum.

1321 1199 1499 1248 Postquam
1512 1210 1568 1246 per
1585 1198 1718 1232 multum
1731 1199 1865 1233 trabium
1884 1202 2041 1246 temporis
2052 1201 2257 1249 Septentrio-¹

1323 1250 1430 1284 nalem
1455 1260 1544 1282 oram
1571 1248 1740 1283 Britanniae
1766 1248 2003 1284 excursionibus
2031 1251 2257 1286 &latrociniis

1323 1299 1484 1332 vexaflent
1497 1325 1504 1337 ‚
1515 1299 1646 1332 tandem
1660 1298 1701 1332 ab
1712 1299 1884 1332 Antonino
1894 1300 1953 1334 Pio
1963 1300 1993 1332 in
2004 1301 2151 1335 ordinem
2162 1302 2256 1335 reda-
2298 1303 2303 1309 ’

1319 1347 1485 1384 ἂίἕὶηἱὺυε
1500 1344 1633 1380 suissese
1655 1348 1901 1386 continuerunt,
1922 1350 2256 1397 adhucquel-liberni-

1318 1410 1388 1432 cam
1399 1397 1540 1444 linguam
1560 1396 1700 1430 retinent
1712 1424 1720 1437 ,
1745 1397 1891 1431 homines
1902 1397 2059 1437 semiferi,
2071 1412 2150 1447 quos
2161 1399 2256 1434 lilve-

1319 1446 1399 1482 stres
1410 1448 1526 1480 Scotos
1538 1456 1662 1480 vocant.
1690 1443 1856 1481 Pausanias
1870 1447 2034 1481 Arcadicis
2055 1449 2096 1482 de
2113 1449 2255 1483 Antoni-

1319 1503 1450 1538 noPio:
1477 1494 1653 1545 οἱπετίμεπ
1679 1497 1714 1536 dli
1731 1513 1784 1543 εφη
1806 1499 1831 1536 ἲ
1854 1500 1888 1535 ἐν
1913 1491 2083 1553 Βξεζιννιᾳ
2108 1500 2252 1549 Respo&-

1320 1569 1384 1592 των
1407 1552 1469 1591 vlu}
1495 1550 1653 1597 πολλῖιιῗ,
1669 1549 1709 1589 ἕῖι
1726 1551 1932 1594 {mo-Cou‘mv
1952 1551 1984 1607 πῂ
2009 1551 2081 1594 ἔται
2106 1555 2161 1592 ow)
2183 1556 2249 1597 τοῖς

1316 1608 1433 1650 ὅπλοις
1457 1604 1559 1662 ἧρξαν
1591 1607 1656 1646 τίν)
1679 1604 1824 1648 Γενενῖοω
1838 1612 1962 1658 μοῖῧιν
1983 1612 2155 1655 (vanans
2181 1622 2252 1649 Ρω-

1316 1663 1436 1716 paim.
1471 1668 1647 1715 Hodieque
1664 1666 1886 1715 inscriptiones
1904 1671 1935 1704 in
1950 1673 2055 1704 §cona
2074 1682 2203 1710 extant,
2223 1671 2257 1705 in

1317 1717 1432 1765 quibus
1444 1717 1567 1750 mentio
1584 1715 1628 1750 est
1649 1720 1681 1751 ἃ
1695 1718 1850 1765 Legionis
1866 1731 1916 1756 ιι,
1937 1724 1966 1754 δι
1982 1721 2139 1754 Cohortis
2149 1718 2255 1765 cujus-

1317 1767 1407 1807 dam,
1417 1778 1478 1812 qua
1491 1765 1678 1798 Antoninus
1689 1766 1762 1800 Pius
1772 1766 1938 1802 indomitae
1948 1767 2065 1803 feritati
2075 1770 2159 1802 illius
2168 1781 2251 1818 gen-

1314 1815 1355 1850 tis
1373 1812 1498 1848 frenum
1518 1813 1680 1861 imposuit.
1710 1817 1746 1848 ln
1765 1827 1850 1863 pago
1872 1815 2094 1852 Miniabruch:
2117 1830 2196 1854 D.M.
2212 1831 2250 1853 c.

1317 1876 1413 1899 lum.
1448 1875 1708 1899 mancatum.
1750 1875 1849 1899 PRAEF
1898 1877 1987 1900 cot-1.
2025 1880 2051 1901 1.
2084 1879 2247 1903 namon.

1314 1917 1352 1949 In
1372 1913 1451 1947 turri
1475 1914 1609 1961 quadam
1627 1914 1806 1960 pervetusta
1823 1915 1855 1948 in
1871 1914 1994 1950 Glasco
2013 1929 2021 1950 z
2053 1928 2134 1952 lMP.
2160 1929 2246 1955 cles.

1315 1975 1424 2000 τιτο.
1450 1973 1557 1997 AELio.
1578 1974 1800 1999 nanniano.
1820 1976 2038 2000 ΑΝτοΝιΝο.
2067 1979 2146 2000 auo.
2166 1979 2247 2002 Pio·

1314 2025 1371 2048 pp.
1400 2025 1476 2047 ιεο.
1506 2025 1551 2047 11.
1579 2024 1660 2047 auc.
1683 2024 1765 2049 PER.
1793 2025 1829 2048 Μ.
1854 2025 1887 2048 Ρ.
1917 2026 1989 2049 ιιι.
2023 2027 2113 2052 Dcix
2137 2030 2183 2054 vr.
2215 2028 2244 2051 s.

1313 2063 1442 2097 Ibidem
1457 2062 1489 2096 in
1509 2061 1745 2109 elegantiffimo
1764 2060 1863 2097 saxo:
1894 2075 1972 2096 LEG·
1994 2076 2040 2098 ιι.
2058 2077 2136 2099 Auo.
2161 2077 2238 2100 r-EC.

1308 2114 1377 2148 Has
1387 2111 1595 2147 tresScoticas
1605 2109 1833 2155 Inscriptiones
1842 2112 2008 2145 habuimus
2017 2113 2057 2146 ab
2067 2114 2245 2160 optimo‚&

1307 2161 1508 2196 ornatiffimo
1528 2161 1597 2194 viro
1606 2159 1759 2206 Crispino
1770 2160 1909 2194 Gericio
1928 2161 2113 2210 Elbingenfi
2123 2159 2244 2197 Borus-

1305 2209 1351 2245 so.
1375 2213 1421 2246 Ut
1430 2209 1478 2243 isti
1491 2209 1659 2257 Brigantes
1669 2209 1962 2255 Septentrionalem
1976 2211 2101 2259 plagam
2111 2211 2219 2248 insulae
2229 2241 2241 2254 ,

1305 2261 1349 2295 ita
1360 2259 1513 2298 Britanni,
1524 2259 1576 2307 qui
1587 2258 1679 2292 aliter
1688 2258 1768 2292 Pieti
1779 2259 1966 2293 dicebantur
1983 2288 1992 2301 ,
2003 2262 2240 2297 occidentalem

1307 2308 1520 2346 obtinebant,
1542 2307 1668 2355 utrique
1679 2308 1829 2341 Coloniis
1842 2309 2066 2345 Romanorum
2078 2312 2242 2346 Britanni-

1307 2358 1354 2393 cis
1370 2354 1557 2392 infestiffimi
1569 2379 1577 2393 ,
1597 2357 1650 2402 qui
1663 2357 1843 2401 coujuntfiis
1863 2358 1981 2392 viribus
1997 2372 2118 2408 magno
2129 2361 2243 2396 terrori

1307 2406 1489 2455 legionibus
1509 2406 1667 2441 Romanis
1685 2417 1793 2447 erant,
1813 2420 1880 2455 quae
1890 2408 1923 2442 in
1939 2408 2041 2442 limite
2052 2410 2245 2453 Britannico?

1307 2455 1563 2504 praetendebant.
1586 2455 1690 2489 Alteri
1701 2455 1777 2489 diffi
1787 2456 1856 2490 sunt
1868 2458 2144 2506 Scotobrigantes,
2157 2461 2238 2495 alte-

1305 2506 1330 2540 ri
1341 2504 1592 2542 Scotobritanni,
1604 2517 1642 2538 ex
1654 2505 1767 2552 quibus
1777 2506 1808 2538 in
1820 2506 2046 2541 Aremoricum
2057 2509 2174 2544 Galliae
2183 2522 2240 2544 an-

1303 2555 1413 2603 gulum
1432 2567 1496 2588 non
1510 2566 1602 2601 parva
1619 2566 1730 2588 manus
1741 2554 1911 2588 transmisit
1921 2581 1932 2598 ,
1952 2556 2110 2603 qui-hodie
2120 2559 2235 2593 eadem

1300 2606 1409 2652 lingua
1428 2615 1556 2638 utuntur
1567 2625 1577 2642 ‚
1592 2616 1652 2651 qua
1671 2603 1810 2650 reliquiae
1826 2603 1952 2638 illorum
1973 2606 2235 2641 Pifiobritanno-

1301 2666 1371 2688 rum
1381 2682 1388 2694 ,
1404 2654 1457 2702 qui
1468 2655 1617 2687 hactenus
1627 2653 1659 2686 in
1671 2653 1786 2689 Wallia
1799 2652 1889 2699 politi
1902 2652 1982 2687 sunt.
2004 2655 2100 2691 Unde
2111 2657 2234 2691 Hiero·

1300 2716 1414 2750 nymus
1435 2701 1685 2737 Aremoricanos
1704 2702 1816 2737 nostrae
1834 2703 1949 2738 Galliae
1965 2705 2234 2740 Scotobritannos

1302 2764 1435 2787 vocatos
1449 2750 1538 2786 fuiss'e
1556 2764 1620 2785 non
1646 2750 1778 2786 obscure
1804 2752 1922 2786 indicat
1950 2754 1980 2786 in
2007 2755 2239 2790 jovinianum:²

1300 2813 1385 2847 quum
1393 2801 1446 2849 ipse
1456 2802 1670 2848 adolescentulus
1677 2803 1705 2834 in
1717 2802 1812 2836 Gallia
1821 2803 1939 2836 viderim
1949 2808 2158 2849 Scotosgemem
2167 2806 2233 2839 Bri-

1300 2861 1442 2886 tanmcam
1452 2853 1577 2885 Immanis
1592 2851 1662 2897 vesci
1676 2852 1815 2884 carnibus.
1840 2854 1922 2885 Sane
1930 2853 2017 2885 Scoti
2027 2854 2170 2888 Britanni
2180 2857 2231 2888 A-

1299 2901 1451 2934 remorici
1464 2924 1473 2938 ‚
1490 2900 1560 2934 sunt
1571 2901 1634 2934 veri
1645 2901 1804 2942 Britanni,
1816 2913 1881 2934 non
1892 2901 2029 2935 Hiberni
2041 2930 2048 2941 ‚
2070 2904 2167 2951 longe
2175 2903 2229 2937 alii

1299 2951 1340 2983 ab
1350 2951 1411 2984 illis
1421 2978 1429 2989 ,
1444 2962 1522 2997 quos
1532 2950 1630 2983 hodie
1641 2951 1741 2984 Wilde
1752 2955 1862 2984 Scotten
1872 2962 1986 2984 vocant
1996 2977 2006 2993 ,
2020 2952 2150 2999 quisunt
2161 2953 2228 2987 veri

1295 3000 1479 3047 Brigantes.
1497 3000 1575 3033 item
1587 2999 1751 3045 prooemio
1761 2999 1792 3032 in
1805 3001 1932 3033 tertium
1946 3002 2226 3036 Commentariun!

1293 3049 1326 3083 in
1342 3049 1516 3094 jeremiam
1537 3062 1545 3082 ε
1563 3051 1720 3093 progeniem
1738 3051 1943 3094 Scoticaegentis
1962 3053 1995 3083 de
2014 3053 2223 3085 Britannicarum

1293 3099 1395 3134 vicinia
1411 3098 1490 3132 dixit
1502 3120 1511 3135 ,
1524 3110 1621 3145 quum
1635 3098 1859 3131 Aremoricum
1869 3099 2075 3146 intelligeret.
2103 3102 2222 3148 Qum

1294 3148 1392 3195 igitur
1401 3148 1488 3181 Scoti
1499 3146 1643 3181 dicantur
1653 3159 1719 3180 non
1728 3146 1827 3180 solnm
1839 3148 2007 3194 Brigantes
2019 3172 2028 3187 ,
2051 3151 2150 3197 quiex
2162 3149 2226 3184 Ηί-

1296 3196 1406 3231 bernia
1416 3197 1447 3229 in
1460 3196 1656 3230 Britanniam
1667 3195 1915 3232 transmiserunt,
1924 3194 1977 3231 sed
1989 3199 2087 3232 etiam
2097 3199 2223 3243 indige-

1297 3259 1344 3281 nae
1354 3245 1498 3278 Britanni
1512 3272 1523 3288 ‚
1540 3246 1627 3293 iique
1639 3245 1794 3291 veriPiCti
1807 3272 1815 3283 ,
1829 3244 1977 3280 sermone
1988 3246 2112 3293 prorsus
2122 3248 2139 3278 Ξι
2149 3245 2223 3279 Bri-

1295 3294 1444 3344 gantibus
1455 3293 1580 3328 discreti
1591 3322 1598 3332 ,
1609 3295 1784 3327 latrociniis
1796 3296 1974 3339 conjuncti,
1989 3309 2026 3330 ex
2037 3306 2168 3342 quorum
2177 3292 2220 3326 fi-

1296 3344 1386 3378 nibus
1404 3343 1553 3377 Coloniae
1573 3343 1763 3377 Britannica»
1785 3347 2021 3379 Aremoricanae
2040 3353 2220 3389 propagatae

1294 3391 1383 3429 sunt,
1404 3393 1540 3426 omnino
1549 3395 1720 3426 Scotorum
1732 3405 1850 3426 nomen
1860 3406 1923 3426 non
1936 3393 1982 3426 est
1993 3392 2152 3438 proprium
2162 3404 2222 3437 po-
2234 3384 2237 3399 '¹

1295 3441 1374 3490 puli,
1383 3439 1436 3475 sed
1447 3441 1493 3475 est
1504 3442 1699 3488 appellatio:
1712 3453 1743 3474 ut
1755 3443 1890 3476 Bedwin
1905 3446 1933 3475 Se
1947 3441 2089 3474 Saraceni
2099 3452 2163 3472 non
2175 3439 2221 3474 est

1294 3491 1424 3538 proprie
1432 3491 1568 3538 populus
1578 3512 1588 3527 ,
1611 3490 1664 3524 sed
1676 3491 1847 3536 appellatio
1856 3489 2002 3523 omnibus
2015 3489 2221 3523 Nomadibus

1294 3538 1513 3576 &latronibus
1525 3540 1681 3573 Arabibus
1698 3540 1857 3571 attributa.
1880 3538 1928 3570 Sic
1949 3537 2133 3572 Ambrones
2146 3552 2225 3585 pro-

1295 3588 1525 3637 prielatrones‚
1538 3588 1728 3635 praedatores
1740 3585 1927 3634 ligusticum,
1939 3599 2004 3632 quo
2015 3588 2145 3621 nomine
2156 3588 2227 3636 qui-

1291 3640 1371 3680 ,dam
1384 3638 1512 3671 Cimbri
1522 3638 1610 3672 dieti.
1635 3638 1747 3668 Scotus
1757 3646 1835 3680 ergo
1845 3646 1965 3670 nomen
1974 3635 2095 3670 estnon
2107 3639 2228 3671 Hiber-

1297 3687 1424 3726 uicum,
1433 3686 1489 3723 sed
1498 3683 1716 3722 Britannicum
1725 3705 1737 3725 2
1748 3682 1898 3720 omnibus
1909 3686 2060 3734 gentibus
2068 3708 2080 3727 ,
2092 3699 2158 3736 quae
2165 3699 2226 3725 ex..

2154 3746 2224 3770 cur-
