2366 4040
647 303 710 347 Et
725 308 908 346 centum
923 291 1091 341 chistus
1105 285 1477 351 Corybantibus,
1488 281 1652 333 aethera
1661 285 1885 334 summum

648 367 915 423 Scanderet,
933 364 1157 427 &primos
1174 355 1365 405 libraret
1378 355 1586 403 fervidus
1601 358 1731 421 ignes
1747 378 1761 409 ,-

645 435 827 484 D'ifitaeo
842 436 1041 499 genitum
1055 430 1221 473 Cretes
1238 426 1417 473 finxere
1437 425 1518 473 sub
1537 438 1690 482 antro,

647 507 709 551 Et
728 505 870 550 civem
881 500 1031 546 fecere
1045 495 1203 554 suum:
1225 495 1424 561 fixitque
1441 493 1737 559 sepulchrum

646 576 802 630 Livor,
818 571 1110 630 &ingentem
1126 564 1305 613 tumulo
1321 564 1512 612 foedavit
1527 562 1803 629 Olympum·

716 637 970 697 Sedneque
986 636 1203 681 Saturnus
1216 636 1404 699 genitor
1413 633 1624 699 suprema
1637 631 1816 681 tonanti

646 705 834 757 Gloriam
863 720 949 749 nec
966 702 1109 750 fortes
1133 702 1269 749 animi
1290 701 1547 763 laudesque
1565 717 1756 750 tuorum

641 770 881 818 Laudibus
897 770 1118 817 acceffere
1135 772 1224 817 tuis
1241 786 1252 816 ε
1267 766 1381 815 nihil
1393 767 1572 815 addidit
1584 770 1671 817 illis

641 839 879 902 Quicquid
889 839 1035 884 demit
1049 837 1229 889 humus,
1246 836 1508 899 populique
1525 836 1690 898 ignava
1700 836 1860 885 libido.

706 906 879 955 Omnia
891 904 1117 953 tollantur
1129 902 1242 951 saecli
1255 914 1559 949 monumenta
1571 902 1756 963 vetusti,

642 975 812 1041 Siquid
827 973 1069 1038 Scaligeris
1087 971 1329 1019 ass‘cribunt
1341 985 1552 1034 tempora
1562 971 1720 1032 Divis,

641 1048 706 1093 Et
717 1042 943 1109 quicquid
954 1042 1141 1088 fortuna
1155 1039 1304 1099 dedit,
1317 1039 1543 1086 reddatur
1559 1041 1701 1086 inerti

641 1112 834 1161 Invidiae
850 1130 859 1157 :
878 1124 1026 1159 tantos
1039 1126 1319 1176 proavorum
1332 1107 1446 1156 tolle
1461 1108 1738 1174 triumphos,

641 1184 705 1229 Et
725 1179 926 1247 pulchrae
937 1193 1133 1245 pereant
1149 1179 1330 1226 virtutis
1344 1178 1527 1243 praemia
1546 1176 1679 1236 lauri,

641 1249 932 1318 Regalesque
945 1248 1123 1315 aquilae,
1142 1247 1393 1314 priscaeque
1407 1246 1598 1313 insignia
1609 1247 1757 1312 gentis
1771 1264 1786 1302 3

641 1321 803 1366 Tanto
818 1319 965 1383 major
981 1319 1088 1379 eric,
1104 1330 1286 1383 quanto
1301 1315 1402 1382 plus
1415 1318 1580 1380 incipis
1598 1316 1715 1362 effe:

642 1390 680 1435 E
690 1402 706 1434 t
721 1389 955 1435 minimum
970 1389 1035 1436 est
1051 1390 1097 1435 in
1110 1387 1249 1433 laude
1262 1399 1340 1432 tua
1352 1385 1540 1431 laudata
1553 1397 1742 1431 tuorum

644 1459 904 1522 Progenies.
931 1458 954 1504 a
975 1456 1221 1522 testirpem
1235 1471 1526 1503 numeramus
1540 1470 1752 1514 avorum,
1922 1517 1925 1519 p

642 1525 938 1590 thuicquid
953 1525 1044 1573 fuit
1058 1539 1185 1586 ante,
1201 1538 1333 1571 tuum
1350 1523 1427 1571 est.
1449 1538 1499 1571 tu
1510 1523 1738 1590 sanguinis
1754 1520 1924 1580 ειυᾶοῑ,

641 1596 705 1641 Et
721 1594 819 1641 finis
837 1597 1015 1643 virtutis
1030 1597 1133 1642 eris.
1157 1608 1315 1642 tecum
1329 1593 1517 1641 occidet
1533 1593 1626 1653 illa,

644 1665 704 1710 Et
719 1666 896 1730 generis
912 1663 1051 1711 series
1069 1664 1090 1711 zi
1106 1678 1153 1712 te
1168 1665 1361 1712 ducetur
1374 1665 1421 1709 in
1437 1681 1616 1724 omnes,

642 1736 774 1790 Quos
788 1732 899 1781 olim
912 1734 1103 1781 Verona
1122 1734 1250 1782 tulit.
1273 1748 1508 1798 nunquam
1522 1731 1699 1796 inclyta
1711 1732 1857 1779 virtus

640 1805 847 1849 Antores
861 1821 1060 1868 proavos
1075 1840 1089 1864 ,
1110 1804 1158 1852 &
1170 1803 1360 1851 nomina
1372 1801 1509 1869 longa
1524 1802 1709 1850 suorum

637 1869 960 1920 Miscetlaude
978 1873 1063 1921 sua.
1104 1874 1250 1922 Decii
1264 1870 1500 1937 fortesque
1513 1870 1711 1920 Camilli

637 1937 843 1997 Majores
855 1943 1035 2003 generis
1049 1977 1062 1998 ,
1082 1941 1296 2002 solosque
1311 1941 1517 1984 habuere
1535 1952 1751 2002 parentes

638 2007 770 2063 Quos
788 2020 949 2049 natura
961 2008 1092 2049 dedit
1102 2005 1293 2065 <melius
1309 2006 1366 2048 sic
1380 2006 1549 2063 incipit
1559 2004 1708 2062 ordo)

637 2073 699 2116 Et
712 2072 882 2132 pariter
896 2083 1104 2130 proavos
1122 2069 1295 2131 pariter
1306 2065 1504 2127 junxere
1519 2078 1721 2131 nepotes

638 2134 904 2184 Nobilitate
917 2136 1007 2182 sua.
1031 2135 1119 2182 stet
1134 2133 1352 2199 quolibet
1364 2133 1526 2182 ordine
1538 2136 1695 2193 virtuS,

639 2206 839 2268 Incipiet
854 2203 1028 2251 debere
1041 2202 1123 2250 sibi
1139 2202 1268 2268 quod
1283 2201 1479 2267 quisque
1490 2206 1677 2268 parenti

640 2277 860 2338 Imputat,
879 2275 925 2321 8<
937 2271 1080 2320 nullis
1094 2273 1295 2320 deducet
1310 2274 1496 2319 nomina
1508 2270 1649 2322 fastis.

641 2342 742 2407 Ipsa
757 2342 819 2390 sui
834 2359 1024 2407 compos
1037 2342 1175 2389 titulis
1186 2341 1488 2389 succumbere
1503 2340 1651 2389 nescit

645 2414 817 2458 Anxia.
856 2411 930 2458 Sic
946 2410 1108 2459 Peleus
1122 2413 1270 2459 minor
1287 2410 1350 2458 est
1362 2410 1565 2459 collatus
1583 2410 1790 2472 Achilli,v

644 2482 750 2527 Nec
763 2493 939 2527 tantum
952 2481 1173 2546 genitrix,
1188 2498 1271 2529 nec
1288 2494 1470 2529 tantum
1482 2480 1668 2548 Jupiter
1679 2481 1746 2529 illi

644 2552 881 2604 Quantum
892 2548 1041 2611 Troja
1054 2549 1154 2599 fuit.
1181 2553 1334 2599 minor
1350 2550 1414 2597 est
1425 2551 1688 2617 Cythereia
1697 2561 1844 2600 mater

642 2620 803 2683 Quam
820 2619 1123 2681 paterAEneae
1145 2619 1302 2667 medio
1327 2619 1558 2686 surreptus
1572 2620 1769 2688 abigne,

641 2688 702 2733 Et
712 2684 902 2733 Thusco
920 2687 1059 2732 toties
1071 2686 1285 2732 sudantes
1302 2689 1522 2749 sanguine
1535 2693 1702 2749 campi.

707 2758 775 2801 At
788 2771 868 2801 vos
886 2755 1159 2819 magnanimi
1171 2769 1300 2818 reges
1313 2767 1567 2816 regumque
1580 2765 1815 2817 parentes,

640 2821 1140 2870 Hunniadum'soboles
1154 2839 1164 2865 ι
1181 2837 1292 2885 quos
1306 2822 1424 2866 inter
1434 2821 1661 2867 maximus
1676 2824 1810 2870 armis

641 2892 807 2949 Caesar,
825 2906 965 2937 ovans
982 2891 1137 2948 animi,
1153 2887 1334 2936 Phoebo
1352 2886 1575 2953 castaeque
1591 2892 1820 2938 Minervae

643 2960 838 3020 Aslidet‚
851 2959 984 3006 &lati
998 2961 1184 3006 miratur
1201 2958 1342 3005 limen
1356 2957 1553 3024 Olympi
1572 2978 1584 3006 :

649 3034 801 3089 Qem
814 3031 983 3075 circum
994 3029 1202 3094 ingentes
1218 3027 1341 3087 litui,
1354 3025 1596 3092 fra&aeque
1607 3026 1803 3090 secureS‚

648 3100 711 3144 Et
726 3094 925 3145 detracta
936 3097 1023 3144 suis
1037 3097 1309 3161 dependent
1324 3094 1526 3143 hostibus
1540 3113 1661 3145 arma
1675 3124 1688 3154 ,-
1752 3125 1763 3134 α

647 3167 755 3211 Hoc
770 3167 969 3230 gaudete
985 3166 1078 3225 die,
1092 3168 1171 3231 qui
1185 3178 1371 3213 centum
1386 3164 1595 3212 vindicat
1613 3184 1761 3214 annos

650 3233 820 3281 Illustri
834 3236 999 3282 merito
1017 3273 1030 3295 ‚
1053 3253 1218 3300 magno
1232 3233 1435 3299 gaudete
1449 3246 1654 3298 nepote:

654 3305 748 3360 Qi
761 3303 924 3363 modo,
944 3321 1037 3351 non
1050 3305 1168 3351 inter
1182 3303 1334 3369 galeas
1352 3301 1564 3368 ensesque
1578 3300 1785 3364 suorumj

653 3374 703 3418 In
720 3370 903 3434 templis
919 3376 1103 3420 Verona
1116 3375 1203 3420 tuis
1215 3411 1227 3433 2
1244 3373 1322 3419 ubi
1340 3371 1535 3419 nubibus
1547 3389 1676 3437 aequa

653 3439 903 3487 Mausolaea
922 3440 1006 3488 suoe
1026 3442 1244 3490 testantur
1264 3441 1421 3487 funera
1433 3433 1606 3507 ge'ntis3

658 3507 747 3554 Sed
769 3508 825 3554 de
849 3522 922 3555 tot
938 3509 1133 3572 spolium
1148 3509 1352 3576 populiS,
1368 3524 1442 3558 tot
1456 3509 1686 3577 gentibus,
1699 3511 1858 3575 ingens

655 3579 707 3623 In
728 3579 900 3624 mundo
922 3577 1158 3642 suspendit
1181 3597 1296 3644 opus
1325 3597 1334 3623 ε
1363 3582 1434 3626 cni
1454 3577 1574 3626 nulla
1588 3579 1840 3641 nocebunt,

660 3648 756 3691 Aut
776 3649 984 3694 nocitura
1007 3645 1101 3696 suas
1124 3661 1334 3698 evertent
1360 3648 1721 3714 temporalegeS.

2218 3767 2282 3803 lm
