2366 4040
343 233 415 272 240

350 307 415 348 μης
435 291 605 334 ἆνχῑιξομῦ,
633 291 667 336 ἧν
676 290 737 345 yffi}
765 286 812 339 τῷ
826 283 935 340 (Ἑξὸνῳ
948 280 1133 340 φθπξὲνῗο
1168 288 1232 324 Sed
1241 287 1288 323 illi

353 349 516 384 Consules
527 347 681 395 gerebant
692 342 911 389 magistratum
929 340 1107 373 indiffione
1130 337 1264 385 septima
1274 359 1285 376 ‚

352 420 380 438 2,
390 412 456 433 non
468 398 590 445 quinta,
601 405 685 425 anno
696 390 819 425 Christi
829 388 1032 435 Dionysiano
1043 400 1211 425 ccx-xxxv.
1221 389 1289 421 Ite-

350 469 378 488 „
391 461 461 483 rum
473 444 668 480 vetustate&
687 440 808 475 incuria
827 437 987 485 collapsos
1004 450 1112 472 muros
1130 436 1288 471 Arcadius

351 519 376 537 ³,
390 501 422 531 δε
436 492 601 529 Honorius
621 494 732 538 Augg.
748 501 787 524 ex
804 487 1010 537 suggestione
1033 487 1219 522 Stilichonis
1237 497 1290 519 re-

350 569 376 585 „
388 544 544 581 fecerunt,
557 541 632 574 utin
643 537 963 585 veteriinscriptione
976 539 1221 571 Romanaextat
1231 560 1241 576 ‚
1255 538 1288 570 86

349 615 378 633 2,
389 592 472 640 apud
491 591 704 625 Claudianum
714 589 747 622 in
758 602 792 624 Vl
811 586 988 622 Consulatu
1003 586 1157 621 Honorii.

405 642 549 676 Ibidem.
573 642 680 673 Primus
689 649 761 683 agon
770 638 835 670 solu
846 636 881 670 ab
892 635 1212 683 Aurelianoinfiitutus.]
1223 634 1286 667 Er-

354 702 400 739 go
409 692 527 726 eodem
539 701 623 723 anno
633 694 731 734 Agon
743 686 947 733 Capitolinus
958 707 969 725 ,
980 692 1012 723 &
1025 690 1124 733 Agon
1134 685 1215 718 Solis
1233 694 1290 716 ce·-

352 742 570 776 lebrabantur.
598 743 696 786 Agon
723 736 928 783 Capitolinus
960 735 1119 768 institutus
1152 744 1289 766 numero

352 789 700 825 :MMquntetvallum
711 787 750 820 ad
762 787 844 819 hunc
855 796 1008 832 agonem,
1020 784 1093 818 anni
1102 793 1244 817 crxxxvr
1253 794 1288 816 11.

352 840 416 874 hoc
430 839 476 873 est
489 850 610 886 agones
621 835 803 883 Capitolini
813 833 946 868 absoluti
958 846 1080 868 κινεῖ.
1096 835 1216 879 Qare
1227 831 1290 864 hoc

351 889 539 923 annoinivit
549 886 732 922 Domitiani
757 893 843 933 agon
863 883 1071 929 Capitolinus
1094 893 1178 916 XLvl
1188 893 1233 920 11,
1256 884 1291 915 δε

358 938 526 974 Aureliani
538 938 657 985 primus
665 935 762 969 Solis.

405 994 572 1024 MMccxct
584 1011 591 1017 .
614 987 789 1022 Aureliam,
797 994 882 1027 quum
891 983 1019 1030 adversm
1027 983 1107 1030 nos.]
1120 983 1194 1017 Hoc
1205 979 1290 1027 prius

354 1037 540 1075 membrum
550 1035 596 1070 est
607 1034 746 1070 Eusebii:
757 1034 890 1067 alterum
903 1033 1064 1080 Eutropii,
1074 1031 1160 1080 quod
1171 1032 1292 1065 Eutro-

353 1090 424 1137 pius
434 1087 558 1134 accepit
568 1084 584 1118 Ξι
596 1083 751 1131 VopiscO.

398 1137 485 1173 lbid.
511 1134 767 1187 cenophrurium-n]
779 1131 1046 1180 Caenophrurium
1066 1128 1286 1164 scribendum.

353 1187 612 1242 Καινόφςέμον
626 1213 636 1233 ,
650 1186 755 1236 κσανῳ
768 1187 930 1239 φξῑςφὶῳ.
965 1191 1014 1223 lta
1027 1187 1124 1222 etiam
1145 1183 1290 1221 scriben-

353 1245 431 1277 dum
442 1244 473 1276 in
484 1241 659 1276 itinerario.

405 1292 544 1326 Ibidem.
577 1301 629 1336 quo
637 1290 709 1333 apud
720 1287 991 1336 Pontumoccismn.]
1015 1287 1105 1320 Nem
1110 1298 1150 1333 pe
1172 1286 1205 1320 in
1231 1295 1289 1318 ex-

351 1342 522 1388 peditione
532 1339 697 1375 Maeotica,
724 1341 761 1371 In
773 1349 905 1371 nummo
915 1338 982 1378 ejus
993 1334 1099 1369 visitur
1108 1339 1288 1383 Imperator

353 1392 513 1438 equitans,
529 1399 690 1436 praeeunte
704 1387 847 1421 Victoria
858 1414 865 1425 ,
876 1385 1030 1434 sequente
1039 1386 1193 1419 exercitu.
1224 1382 1290 1416 Ti-

353 1444 456 1474 tulus:
472 1451 552 1474 IMP.
579 1450 613 1472 c.
640 1444 683 1468 M.
697 1448 754 1470 CL.
773 1447 940 1471 TAciTus,
963 1446 1055 1468 PluS.
1068 1445 1187 1470 FELix.
1203 1444 1286 1467 Auo.

353 1499 418 1533 Sed
429 1499 489 1531 hoc
499 1506 567 1530 erat
580 1488 613 1527 773
625 1486 781 1527 &Unm‘mov
794 1484 858 1528 w&
872 1488 900 1526 ‘23
919 1487 1014 1529 νίκης.
1046 1491 1133 1524 Nam
1143 1492 1175 1525 in
1189 1500 1289 1535 expe-

354 1548 479 1581 ditione
488 1544 555 1592 ipsa
565 1542 702 1576 tumultu
713 1541 840 1573 militari
850 1539 1011 1586 oppressus
1021 1538 1080 1576 est,
1090 1544 1135 1578 St,
1146 1551 1178 1574 ut
1188 1538 1290 1573 histo-

352 1598 412 1631 rici
431 1594 572 1631 referunt
583 1617 593 1630 ‚
618 1601 751 1637 propter
775 1589 968 1623 brevitatem
992 1588 1118 1634 imperii
1129 1589 1208 1623 nihil
1219 1598 1290 1621 me-

353 1651 512 1687 morabile
521 1647 561 1683 ab
572 1658 614 1680 eo
623 1644 748 1693 gestum
761 1643 819 1676 est.
842 1648 902 1678 Par
914 1645 1034 1679 vanitas
1044 1670 1053 1683 ‚
1078 1642 1204 1691 vlo&
1220 1665 1231 1681 ‚
1261 1637 1288 1690 g

354 1696 524 1753 κενοδοξία
540 1703 644 1738 fratris
655 1703 720 1748 ejus
733 1701 890 1743 Floriani,
904 1703 958 1750 qui
969 1712 1064 1750 quum
1086 1712 1201 1744 paucos
1222 1699 1290 1732 dies

351 1754 536 1802 imperasset
544 1782 553 1795 ,
577 1765 684 1800 neque
693 1752 992 1799 propterangustias
1002 1751 1159 1797 temporis
1168 1748 1289 1795 aliquid

351 1805 538 1854 praeclarum
563 1814 679 1850 ,gerere
703 1799 872 1847 potuisset,
886 1812 994 1834 tamen
1024 1799 1056 1832 in
1082 1798 1220 1833 nummis
1228 1795 1289 1830 suis

355 1865 455 1888 vocat
480 1853 512 1888 se
521 1858 711 1888 Pacatorem
731 1849 817 1883 orbis
830 1872 840 1889 ,
865 1849 976 1884 incuso
1000 1849 1032 1883 in
1052 1849 1113 1883 illis
1122 1849 1198 1882 Sole
1215 1858 1290 1880 cum

357 1903 478 1952 flagro.

405 1960 550 1988 MMccxc
558 1965 587 1987 11
598 1963 622 1986 1.
660 1952 761 1985 Probus
771 1950 876 1985 Gallias
885 1948 903 1984 ἃ
914 1950 1050 1984 Barbarie.
1063 1952 1080 1990 ]
1093 1946 1269 1995 Eutropius
1278 1970 1287 1980 .

355 2003 397 2038 ab
408 2015 449 2036 eo
461 2004 693 2048 Hieronymus.

403 2054 544 2087 Ibidem.
553 2053 675 2085 Secundo
683 2062 755 2084 anno
766 2050 875 2100 Probi]
887 2050 983 2097 Qia
991 2050 1090 2098 digna
1098 2047 1231 2096 cognitu
1243 2057 1292 2080 res

358 2102 406 2137 est
417 2114 548 2137 exortus
559 2106 590 2136 δε
602 2101 756 2134 cunabula
779 2099 910 2146 impurae
929 2100 1182 2133 Manichaeorum
1196 2098 1293 2131 haere-

353 2150 426 2186 seos
436 2179 447 2194 ‚
460 2163 634 2200 propterea
644 2149 849 2183 orientalium
863 2148 1075 2183 Ecclefiarum
1096 2149 1137 2195 pii
1156 2146 1292 2192 scripto-

355 2213 406 2235 res
427 2203 757 2244 denotarunttempus
768 2198 846 2231 illud
858 2220 868 2236 ,
888 2196 1100 2245 unusquisque
1118 2196 1290 2230 secundum

356 2251 518 2296 epocham
535 2248 669 2283 coloniae
681 2246 754 2280 suae:
772 2259 840 2294 quae
862 2258 974 2279 omnes
992 2246 1123 2292 epochae
1146 2258 1185 2279 ex
1204 2242 1291 2290 ipso-

354 2311 426 2332 rum
439 2300 605 2332 auctorum
624 2294 747 2341 scriptis
764 2295 912 2328 collc&ae'
928 2296 959 2328 in
972 2307 1069 2328 unuin
1081 2294 1289 2340 conspectum

354 2349 408 2383 hic
425 2349 466 2382 ab
477 2346 616 2382 Eusebio
627 2344 781 2388 conjetftae
799 2342 878 2389 sunt-
889 2343 945 2377 Est
964 2354 1068 2376 autem
1088 2343 1137 2376 hic
1148 2343 1237 2376 locus
1256 2340 1290 2373 in

354 2397 475 2432 excusis
493 2392 766 2443 depravatiffimus
780 2414 789 2429 ‚
810 2402 842 2425 ut
861 2392 937 2439 quid
956 2393 1013 2425 hac
1024 2392 1177 2439 perioche
1197 2401 1290 2423 com-

355 2447 577 2495 prehendatur
591 2467 602 2483 ,
612 2455 710 2477 nemo
718 2452 833 2488 capere
843 2441 948 2487 poffit.
966 2443 1047 2475 Duo
1064 2441 1139 2475 vitia
1149 2441 1290 2474 interve-

355 2507 490 2536 nerunt,
505 2507 575 2544 quae
590 2492 779 2528 sententiam
790 2492 888 2524 totius
900 2490 1073 2537 Pericopes
1085 2489 1290 2524 dissimulant.

353 2547 447 2583 Prius
457 2543 621 2593 est,qu0d
633 2542 764 2578 verbum
777 2552 850 2574 run*
870 2540 1012 2574 additum
1037 2540 1084 2574 est
1101 2539 1172 2586 post
1191 2537 1267 2572 illud
1279 2558 1288 2574 ‚

352 2597 442 2644 juxta
452 2594 634 2629 antiochenos
643 2602 776 2625 cccxxv.
789 2589 826 2623 Id
835 2588 905 2622 satis
917 2600 984 2623 erat
1002 2589 1040 2623 ad
1051 2589 1198 2623 tenebras
1217 2587 1289 2620 huic

351 2648 431 2681 loco
449 2642 673 2678 offundendas.
687 2640 836 2685 Alter-um
849 2639 982 2676 vitium,
995 2640 1082 2686 quod
1093 2639 1124 2671 in
1136 2639 1206 2672 PR.
1216 2640 1246 2671 &
1258 2636 1290 2669 in

354 2693 554 2730 editionibus
563 2704 602 2726 ex
613 2702 673 2724 una
685 2688 838 2736 perioche
849 2688 915 2722 duae
923 2684 1031 2726 factae,
1047 2686 1225 2734 posteriore
1241 2686 1290 2718 in-

351 2746 496 2791 cipiente
505 2742 545 2776 ab
556 2742 618 2774 illis
629 2745 640 2778 ‚⁶
651 2739 750 2785 Infima
761 2738 973 2771 Maniclmorum
982 2737 1091 2781 liaercftr.
1102 2749 1170 2784 quae
1180 2746 1289 2769 tamen

351 2793 475 2830 luxatio
495 2791 659 2826 commill'a
677 2800 742 2822 non
761 2787 807 2822 est
824 2787 856 2820 in
876 2787 1031 2822 BONG.
1043 2788 1190 2821 &PER
1210 2787 1289 2820 Haec

351 2841 557 2892 perturbatio
567 2840 649 2874 adeo
660 2837 781 2872 vetusta
791 2835 837 2870 est
849 2858 860 2874 ,
869 2847 901 2870 ut
912 2837 999 2883 prius
1010 2836 1120 2870 vitium
1130 2836 1162 2868 in
1183 2834 1291 2868 omni-

353 2895 415 2928 bus
424 2891 547 2938 scriptis
560 2899 669 2930 extet,
679 2897 838 2934 utrunque
849 2896 956 2920 autem
965 2886 1049 2933 apud
1060 2885 1183 2920 Bedam
1193 2906 1203 2924 ,
1212 2884 1290 2918 &in

348 2967 378 2985 9,
389 2942 462 2990 ipsis
475 2952 603 2989 quoque
614 2937 826 2972 editionibus-

403 2992 489 3027 lbid.
494 2991 583 3037 juxta
596 2989 771 3022 antiochenos
779 2997 895 3019 cccxxx
901 2986 950 3034 v.]
960 2986 1041 3019 Non
1050 2995 1129 3031 opus
1140 2983 1185 3018 est
1196 2995 1292 3031 repe-

351 3054 447 3081 tere«,
458 3052 527 3088 quae
538 3038 632 3072 toties
644 3037 749 3070 dehac
761 3034 886 3082 epocha
896 3034 1218 3081 disputavimusEarn
1227 3033 1291 3067 effe

349 3091 569 3140 antiquiorem
581 3087 706 3134 epocha
719 3084 840 3120 Christi
850 3083 1048 3131 Dionysiana
1057 3083 1145 3116 annis
1162 3096 1227 3117 va
1237 3095 1285 3118 ιιι

351 3154 420 3177 non
434 3139 532 3175 semel
544 3136 739 3171 monuimus.
762 3134 877 3182 quibus
897 3134 937 3168 de
955 3144 1101 3166 cccxxxv
1122 3132 1267 3167 deductis
1276 3154 1286 3170 ‚

350 3201 499 3232 remanet
510 3198 608 3221 annus
619 3185 742 3220 Christi
753 3181 967 3229 Dionyfianus
975 3194 1118 3217 chxxw
1129 3194 1155 3221 1,
1169 3183 1222 3230 qui
1239 3181 1301 3216 est·

348 3247 505 3283 Iecundus
517 3245 727 3280 Probi.Hanc
746 3244 904 3290 epocham
925 3240 1081 3290 Euagrius
1092 3250 1185 3275 vocat
1202 3249 1285 3289 χρη-

353 3297 522 3349 μωπσ-μὶν
536 3297 564 3335 ,35
584 3296 776 3342 ou’arvropclocq
798 3293 981 3344 Ανποχὲως
994 3322 1002 3334 .
1023 3304 1190 3343 computum
1199 3319 1208 3336 ‚
1227 3295 1286 3341 five

352 3359 456 3384 Aeram
465 3353 599 3384 libertatis
611 3348 836 3393 Antiochenfium,
862 3348 949 3397 quod
958 3359 998 3381 eo
1008 3359 1093 3381 anno
1103 3348 1227 3395 aliquot
1236 3346 1287 3379 in-

356 3400 548 3433 didionibus
561 3395 797 3431 Antiochenses
807 3398 961 3431 levaverit
972 3398 1013 3431 C.
1028 3397 1093 3442 Jul.
1102 3395 1223 3433 Caesar,
1235 3407 1287 3429 re-

339 3448 452 3483 ·miffis
463 3448 587 3480 tributis
598 3450 627 3479 in
639 3460 656 3479 κ
669 3460 698 3484 v,
711 3457 761 3480 aut
772 3460 788 3479 x
800 3459 817 3479 x
829 3460 847 3480 κ
866 3458 968 3480 annos
981 3468 992 3484 ‚
1010 3444 1079 3492 ipso
1100 3444 1226 3480 Caesare
1239 3457 1284 3483 11,

352 3497 489 3533 Servilio
500 3496 595 3528 Vatia
608 3495 743 3529 Isaurico
764 3497 793 3530 C
805 3509 825 3529 o
839 3508 851 3530 s
867 3509 892 3530 s»
911 3497 1033 3542 Qum
1044 3505 1149 3528 autem
1160 3494 1287 3529 constet

351 3558 471 3582 annum
483 3544 761 3577 Antiochenorum
773 3557 872 3580 ccxxv
883 3543 1080 3591 respondere
1091 3556 1176 3577 anno
1187 3543 1287 3578 Chri-

352 3598 394 3632 sti
411 3593 612 3639 Dionyliano
623 3604 656 3624 cc
664 3605 765 3626 Lxxw
776 3605 799 3631 1,
819 3606 856 3627 ex
868 3594 929 3628 hoc
940 3593 1141 3629 manifestum
1160 3593 1207 3628 est
1223 3593 1286 3628 im-

352 3646 456 3692 perite
477 3644 508 3676 in
520 3641 725 3676 Editionibus
747 3653 862 3676 annum
880 3642 1054 3678 secundum
1064 3643 1163 3679 Probi
1181 3644 1214 3677 in
1231 3654 1288 3677 an·

353 3708 429 3730 num
441 3690 563 3729 Christi
574 3689 805 3738 Dionysianum
815 3703 957 3729 chxxxr
970 3694 1154 3740 conjectum
1175 3691 1263 3729 fuisse
1272 3712 1283 3732 ,

967 217 1260 266 JOSEPHI
1304 219 1692 256 SCALIGERI

1342 283 1614 321 metachronifino
1625 285 1835 333 quadriennii.
1856 287 1898 321 At
1909 300 2021 331 omnes
2035 302 2137 326 posr.
2149 294 2179 327 ἃ·
2192 303 2274 339 prae⁴
2316 328 2319 331 .

1341 345 1429 369 terea
1447 337 1526 369 alter
1539 334 1760 374 freherianus,
1784 347 1879 383 quein
1899 340 1999 372 modo
2017 342 2276 387 accepimus‚an-

1342 397 1417 418 num
1438 385 1573 432 primum
1586 383 1686 418 Probi
1705 394 1894 430 comparant
1910 397 1980 422 cum
1999 401 2133 423 numero
2149 402 2275 425 ramec-

1343 446 1415 468 xcri
1428 448 1437 467 1
1451 456 1460 472 ‚
1479 433 1533 481 qui
1551 432 1598 466 est
1618 432 1961 479 ChristiDionysianus
1979 450 2019 471 cc
2032 450 2133 472 Lxxvi
2155 466 2164 479 ,
2189 440 2275 474 indi-
2308 460 2311 462 >

1343 485 1449 517 {lione
1466 496 1513 518 1x.
1522 494 1586 515 non
1599 494 1628 521 x,
1641 481 1715 515 utin
1728 483 1897 517 Chronico
1909 484 2166 521 casaubonianm
2177 490 2242 524 Alii
2253 497 2277 515 “

1342 532 1465 566 initium
1480 531 1753 566 Probicollocant
1771 531 1801 565 in
1813 544 1898 566 anno
1910 534 2031 568 Christi
2039 536 2237 583 Dionysiano
2251 545 2276 564 “

1343 593 1385 615 cc
1397 594 1500 616 Lxxvi
1512 594 1523 614 1
1535 593 1545 614 1
1559 607 1568 620 ,
1587 592 1757 627 peccantes
1779 578 1884 615 solido
1901 582 2044 619 biennio.
2252 595 2278 614 ιι

1366 671 1368 673 .
1389 643 1473 677 lbid.
1495 643 1582 690 juxta
1596 645 1690 690 Tyrios
1710 646 1883 694 ccccm]
1909 646 1974 679 Adi
1996 648 2146 681 Canoncs
2171 646 2279 696 Isago-

1341 693 1443 742 giem,
1456 693 1487 725 in
1500 694 1609 739 Caput
1620 693 1660 726 de
1670 694 1828 740 Epochis.
1852 698 1889 728 ln
1903 695 1994 729 Actis
2006 697 2126 742 Synodi
2138 697 2277 732 Chalce-

1344 741 1490 776 donenfis
1501 763 1512 778 ‚
1532 742 1673 776 Actione
1691 742 1827 777 secunda
1838 772 1846 784 ,
1869 744 1939 790 post
1951 745 2168 779 Consulatum
2180 746 2295 780 Flavii-

1346 791 1488 826 Zenonis
1500 794 1528 823 3<
1543 790 1750 831 postumiani,
1763 794 1945 828 Iudiciione
1956 795 2068 840 prima,
2082 796 2212 842 quierat
2222 808 2279 830 an—

1345 853 1401 874 nus
1417 838 1538 873 Christi
1559 851 1575 872 c
1588 851 1604 872 c
1615 852 1631 872 c
1642 853 1658 873 c
1668 854 1686 873 x
1699 853 1719 874 L
1734 854 1770 875 vr
1782 855 1831 883 11,
1851 843 2043 878 Eusebianus
2055 857 2280 883 amccccrxxv,

1344 891 1370 924 is
1383 889 1551 936 putabatur
1561 900 1659 922 annus
1670 889 1823 925 &colonia
1833 892 1969 927 deduaefta
1986 906 2009 927 D
2023 906 2043 928 1.
2054 907 2071 927 x
2085 907 2102 927 x
2115 907 2124 927 1
2140 907 2167 928 v.
2185 897 2280 940 Juxta

1347 940 1413 975 haec
1430 949 1529 970 annus
1542 938 1659 982 primus
1668 940 1843 986 Tyriorum
1861 944 2050 989 congruerit
2065 955 2202 978 numero
2213 936 2280 978 Eu-

1342 987 1475 1023 sebi-ano
1487 998 1603 1039 mniccc
1617 999 1693 1021 xci:
1715 1001 1811 1035 quum
1822 992 2025 1035 tamenjuxta
2034 1004 2214 1032 numerum,
2225 992 2279 1041 qui

1345 1038 1396 1072 hic
1407 1046 1720 1083 proponitur,annus
1731 1038 1851 1083 primus
1871 1040 2014 1074 videatur
2032 1045 2205 1076 convenire
2221 1056 2281 1077 nu-

1346 1099 1438 1123 mero
1457 1098 1482 1119 M
1496 1097 1517 1118 ι)
1528 1097 1544 1118 c
1556 1097 1572 1118 c
1584 1097 1600 1118 c
1612 1098 1648 1118 xc
1658 1113 1666 1125 ,
1688 1099 1751 1119 uno
1761 1086 1844 1121 anno
1854 1089 1956 1122 citius.
1979 1094 2010 1123 A
2021 1091 2135 1138 quibus
2143 1092 2283 1126 deducta

1347 1135 1541 1172 fitcolonia,
1561 1133 1681 1169 nescio.
1707 1137 1795 1170 Nam
1808 1139 2006 1178 anomanis,
2017 1140 2071 1187 qui
2090 1140 2280 1176 nihiladhuc
2302 1160 2309 1168 ·

1342 1186 1419 1232 juris
1429 1184 1589 1218 habebant
1607 1184 1638 1217 in
1648 1185 1732 1231 Syria
1744 1208 1754 1224 ,
1773 1187 1889 1221 deduci
1907 1200 1972 1221 non
1989 1189 2106 1234 potuit.
2131 1190 2280 1236 Superest

1342 1236 1489 1284 igitur‚ut
1500 1233 1517 1267 a
1528 1235 1572 1267 Ra
1583 1235 1675 1280 gibus
1686 1237 1793 1273 Suriae,
1804 1236 1860 1270 sub
1871 1238 2046 1271 Demetrio
2057 1251 2065 1270 :
2077 1251 2143 1287 quo
2150 1249 2283 1287 tempo-

1342 1298 1377 1320 xe
1391 1285 1548 1318 lohannes
1559 1286 1727 1330 l-lyrcanus
1738 1286 1921 1320 'Ethnarcha
1932 1287 2113 1322 ludaeoruin
2124 1311 2134 1327 ‚
2155 1292 2186 1323 δι
2198 1289 2282 1324 sum-

1344 1346 1414 1369 mus
1425 1332 1569 1366 sacerdos
1581 1336 1788 1380 erat-Tyrum
1800 1335 2030 1370 tenaciffimam
2040 1335 2280 1387 foederis‚quod

1344 1395 1416 1418 cum
1428 1383 1584 1417 Romanis
1593 1381 1680 1422 fecit,
1695 1395 1786 1418 vocat
1795 1386 1951 1431 Ulpianus
1964 1408 1974 1424 ‚
1990 1387 2063 1422 Tit.
2077 1389 2116 1422 de
2125 1388 2282 1423 cenfibus.

1344 1433 1409 1467 Sed
1422 1432 1486 1466 brec
1497 1429 1553 1464 sub
1563 1432 1701 1477 imperio
1711 1435 1813 1468 Rom.
1827 1438 1860 1470 ὅ(
1873 1434 2051 1482 posteriora
2069 1435 2133 1472 effe
2147 1449 2281 1485 oportet

1344 1483 1402 1517 hac
1421 1481 1548 1515 colonia
1566 1481 1714 1516 deducta.
2176 1515 2192 1530 ‘

1396 1545 1477 1580 lbid.
1504 1544 1593 1592 juxta
1605 1548 1768 1583 Laodicenos
1786 1561 1802 1582 c
1816 1561 1831 1582 c
1843 1561 1858 1582 c
1870 1552 1986 1600 xmus]
2010 1551 2102 1599 Ergo
2113 1552 2280 1599 Epocham

1345 1596 1781 1631 LaodicenamAntiochena
1790 1600 1963 1633 antevertit
1979 1613 2064 1635 anno
2083 1613 2160 1635 uno.
2184 1601 2280 1635 Haud

1328 1645 1446 1679 ‘dubie
1466 1643 1617 1679 acaesare
1637 1645 1703 1684 est,
1723 1648 1997 1695 quemadmodum
2017 1651 2289 1689 &Antiochena‚,

1347 1695 1539 1728 Laodicena:
1549 1694 1620 1727 huic
1633 1696 1843 1731 vetustiffimae
1855 1698 1991 1732 coloniae
2003 1700 2051 1744 jus
2061 1701 2209 1734 Italicum
2223 1701 2282 1734 tri-

1347 1744 1415 1777 buit
1428 1746 1510 1788 imp.
1523 1744 1656 1788 Septim.
1671 1747 1807 1778 Severus
1817 1748 1861 1779 ob
1873 1747 1948 1780 belli
1965 1749 2066 1784 civilis
2078 1750 2189 1783 merita
2202 1771 2212 1788 ‚
2233 1750 2285 1783 in-

1347 1793 1415 1840 quit
1431 1792 1605 1837 Ulpianus.
1642 1794 1793 1841 Intellige
1812 1796 2008 1831 Laodiceam
2030 1799 2147 1832 Coeles
2166 1799 2284 1844 Syrias,

1345 1842 1427 1876 ldeo
1445 1844 1475 1874 δι
1492 1842 1658 1874 Caracalla
1672 1843 1734 1875 illis
1754 1842 1826 1889 post
1845 1855 1969 1890 patrem
1988 1849 2143 1882 Severum
2163 1848 2285 1895 aliquid

1344 1902 1500 1939 praeterea
1510 1888 1696 1925 conceffiss‘e
1707 1892 1843 1931 videtur,
1864 1904 1897 1927 ut
1907 1895 1974 1939 ejus
1984 1897 2109 1931 nummi
2119 1895 2284 1932 testantur.

1346 1953 1434 1982 AAO
1440 1951 1479 1977 ΔΙ
1485 1951 1604 1981 ΚΕΩΝ
1635 1953 1817 1981 Min-Poll
1824 1953 1908 1983 OAE
1914 1957 1983 1984 ΩΝ,

1396 2008 1481 2043 lbid.
1501 2020 1588 2055 juxta
1602 2010 1738 2055 Edeffenos
1755 2022 1778 2044 D
1791 2022 1813 2044 c
1824 2015 1987 2055 xxxviii-J
2012 2013 2137 2049 Eadem
2157 2028 2230 2050 cum
2240 2008 2288 2051 E·-

1349 2060 1455 2108 pocha
1464 2059 1712 2092 Seleucidarum.
1732 2061 1813 2094 Ideo
1822 2061 2042 2095 adnumerum
2054 2075 2167 2101 moccv
2183 2077 2286 2100 anno-

1348 2119 1462 2148 tatum,
1473 2109 1546 2141 hinc
1557 2108 1733 2142 Edefl‘eno‘s
1743 2109 1792 2142 sua
1802 2118 1947 2155 tempora
1957 2121 2082 2156 putare.

1395 2158 1481 2192 Ibid.
1501 2158 1590 2204 juxta
1609 2159 1776 2203 Ascalonitas
1793 2169 1836 2191 cc
1849 2170 1864 2191 c
1877 2160 1996 2208 [ηιμ]
2036 2163 2228 2197 Ascalonem
2246 2164 2286 2197 li.

1347 2214 1457 2247 beram
1468 2223 1562 2247 vocat
1573 2213 1705 2246 Plinius.
1733 2216 1909 2260 Propterea
1925 2211 1991 2247 Xm*
2005 2212 2032 2249 ’θ
2055 2213 2167 2254 αἰνὰ-ὣν
2190 2215 2287 2253 οἰοπ-

1347 2265 1554 2314 νομὶοιςίιῑιιιε
1580 2268 1683 2301 AEram
1706 2270 1808 2314 putari
1825 2268 1958 2304 minime
1977 2271 2108 2306 dubium
2130 2270 2188 2308 est.
2219 2277 2288 2310 Ini-

1345 2320 1425 2351 tium
1443 2317 1538 2364 igitur
1552 2315 1641 2360 hujus
1657 2318 1733 2351 AErae
1744 2329 1879 2352 numero
1899 2331 2100 2364 moccccmv,
2122 2324 2164 2356 C.
2177 2324 2286 2360 Mario

1347 2368 1481 2412 Nepote
1502 2377 1581 2404 ιιι,
1600 2367 1783 2400 L.Aurclio
1806 2367 1926 2402 Oreste
1947 2371 2052 2403 Coss.
2073 2383 2157 2405 anno
2180 2386 2212 2407 11
2235 2375 2287 2410 Ο-

1345 2417 1444 2462 lymp.
1466 2427 1482 2447 c
1492 2426 1512 2448 L
1524 2427 1542 2446 x
1556 2426 1568 2447 1
1583 2427 1615 2447 x.
1638 2417 1829 2451 Chronicon
1842 2416 1982 2452 Casaub.
1994 2432 2079 2454 anno
2089 2422 2193 2467 primo
2204 2422 2302 2469 ejus-v

1344 2468 1420 2498 dem
1434 2464 1570 2509 Olymp.
1610 2467 1646 2498 ln
1665 2466 1803 2499 nummis
1817 2466 2074 2503 Astalenstarum
2084 2469 2191 2505 cusum
2202 2473 2249 2507 est
2259 2480 2283 2498 ‘²

1349 2517 1676 2568 ᾼΣΚΑΛΩΝΙΤΩΝ.
1692 2516 1777 2562 quod
1789 2516 1920 2563 quidem
1931 2518 1971 2551 ad
1982 2518 2061 2552 hanc
2072 2532 2166 2555 atram
2175 2534 2249 2568 per·
2260 2531 2284 2548 “

1347 2573 1440 2597 tinet.
1542 2574 1546 2581 ·
2257 2580 2281 2598 ‘⁶

1397 2620 1483 2655 lbid.
1509 2619 1963 2674 infimamanicheorumlmrefis]
1992 2627 2097 2661 Haeca
2111 2625 2284 2674 superiori-

1347 2671 1403 2704 bus
1426 2668 1545 2703 divulsa
1561 2671 1592 2703 in
1612 2672 1817 2705 Editionibus
1842 2673 1935 2706 aliam
1954 2676 2130 2723 pericopen
2149 2676 2284 2715 faciunt.

1347 2732 1417 2768 quae
1430 2718 1561 2752 divullio
1572 2720 1625 2754 has
1637 2721 1784 2755 tenebras
1798 2722 1869 2756 huic
1880 2723 1954 2757 loco
1963 2723 2137 2760 offuderat.

1394 2768 1479 2802 Ibid.
1499 2768 1603 2819 ips-‘¹³⁴²
1615 2771 1826 2805 Manicbaeorum
1843 2772 1978 2822 lmrefin]
2006 2776 2103 2809 Hunc
2122 2776 2231 2818 Iocum
2248 2778 2279 2811 in

1346 2818 1454 2852 animo
1473 2816 1613 2851 habebat
1632 2821 1702 2853 Leo
1721 2821 1863 2868 Magnus
1883 2825 1983 2868 Papa,
2014 2826 2172 2859 Sermone
2189 2839 2218 2860 ιι
2239 2828 2279 2861 de

1345 2867 1552 2904 Pentecoste.
1578 2868 1641 2902 Sed
1660 2869 1769 2902 vitium
1782 2870 1940 2904 alibrariis
1951 2872 2138 2910 intervenit.
2168 2876 2278 2910 Verba

1344 2918 1412 2951 haec
1423 2915 1510 2949 sunt:
1538 2919 1703 2951 Manichaeus
1721 2931 1784 2964 ergo
1800 2919 1929 2965 magister
1941 2920 2074 2968 falficanx
2085 2925 2231 2963 diabolicae,
2242 2926 2277 2962 (γ’

1345 2968 1467 3000 conditor
1477 2965 1673 3013 superstitioms
1693 2968 1812 3014 obscoena
1831 2981 1861 3002 eo
1876 2980 1996 3016 tempore
2011 2974 2184 3008 damnandus
2200 2977 2277 3008 inno-

1346 3017 1413 3056 tuit,
1430 3027 1482 3060 quo
1494 3019 1554 3061 pos't
1566 3017 1800 3063 Resurredhonem
1819 3021 1932 3053 Domini
1949 3022 2143 3069 ducentefimus
2151 3024 2273 3069 &sexa-

1341 3066 1459 3112 gesimus
1478 3077 1565 3101 annus
1585 3068 1709 3112 impletus
1719 3070 1778 3107 eft,
1802 3069 1887 3102 Probo
1897 3075 2084 3114 Imperatore,
2107 3074 2275 3117 paulinoque

1347 3114 1473 3161 Consule.
1500 3117 1600 3150 Certe
1611 3116 1636 3148 is
1645 3128 1744 3149 annus
1755 3127 1822 3150 erat
1833 3116 1849 3150 a
1862 3118 2109 3156 Ressirrefflone
2120 3122 2274 3156 Domini-

1343 3176 1380 3198 ca
1398 3175 1440 3197 cc
1452 3177 1470 3197 x
1483 3179 1504 3200 L
1517 3178 1527 3199 1
1541 3178 1559 3199 v
1571 3192 1579 3204 ‚
1600 3177 1664 3198 non
1684 3179 1698 3199 c
1711 3179 1726 3199 c
1741 3179 1761 3199 L
1773 3179 1802 3199 x.
1823 3167 1903 3200 item
1914 3170 2035 3208 Probo,
2049 3175 2079 3205 ἃ
2093 3173 2198 3218 Lupo,
2209 3182 2271 3204 uon

1343 3214 1477 3249 Paulino
1489 3213 1645 3248 Consule.
1665 3215 1808 3249 Notabis
1818 3216 2032 3253 Manichaeum
2045 3220 2134 3253 dicia
2147 3223 2268 3257 Leone,

1342 3285 1439 3322 quem
1453 3275 1586 3308 Manem
1597 3273 1701 3319 potius
1714 3284 1828 3306 vocare
1839 3272 1989 3308 debebat.
2011 3274 2125 3314 Μανῆς
2140 3276 2186 3310 est
2196 3278 2274 3310 Ha:-

1341 3327 1495 3363 refiarcha
1505 3327 1580 3375 ipse,
1591 3326 1795 3370 Μωνιχοιῖος,
1809 3328 1862 3376 qui
1873 3328 1938 3373 ejus
1950 3329 2041 3365 sectae
2050 3331 2144 3368 est‚&
2161 3338 2274 3364 Mam-

1343 3382 1442 3426 χαῖἱον
1455 3373 1587 3428 δόγμα.
1603 3387 1731 3419 Tamen
1742 3397 1904 3433 nunquam
1915 3386 2006 3420 aliter
2017 3385 2034 3418 a
2046 3386 2202 3420 veteribus
2213 3389 2274 3419 Pa-

1342 3433 1444 3467 tribus
1464 3445 1613 3476 vocatur,
1626 3447 1719 3481 quam
1731 3435 1939 3472 Manichaeus,
1953 3445 1986 3468 ut
1995 3435 2217 3479 Hieronymo,
2238 3438 2272 3468 &
2290 3448 2295 3456 ’

1341 3481 1408 3516 aliis
1420 3482 1529 3528 primae
1542 3494 1624 3517 notae
1634 3483 1861 3530 Scriproribus,
1876 3484 1962 3530 quod
1980 3483 2111 3528 perinde
2122 3481 2168 3515 est
2179 3504 2188 3519 ,
2202 3495 2237 3516 ac
2250 3481 2272 3515 fi

1341 3531 1553 3566 Marcionista
1569 3545 1628 3579 pro
1649 3533 1816 3566 Marcione
1838 3532 2014 3568 diceretur,
2029 3531 2271 3564 Valentinianus

1341 3591 1402 3628 pro
1411 3582 1602 3619 Valentino,
1610 3581 1817 3615 photinianus
1826 3592 1884 3626 pro
1894 3579 2045 3614 Photino.
2060 3592 2165 3628 neque
2175 3579 2270 3615 semel
2281 3626 2284 3630 ⁴

1343 3634 1558 3680 Mowtxco'i'&
1572 3639 1602 3671 δι
1617 3635 1728 3675 Μανῆς
1747 3648 1807 3683 pro
1818 3635 1935 3668 eodem
1946 3635 2029 3681 apud
2040 3635 2266 3683 Epiphanium.

1341 3696 1445 3731 Porto
1462 3690 1576 3734 Μανῆς
1587 3692 1634 3728 est
1642 3705 1762 3729 nomen
1771 3685 2269 3774 Persicum,quodtamensmoe'vnc

2159 3749 2267 3785 emper
