2366 4040
690 270 1407 327 LissERRTERTUfS.
1577 293 1586 305 .
1896 290 1971 324 2⁶7

159 347 327 388 {lienium
338 346 400 386 est.
426 346 530 386 Nam
543 346 636 400 ia’pe
645 360 807 386 numero
816 347 925 385 Luna
932 344 983 383 sui
990 342 1145 383 videndi
1153 343 1381 398 potestatem
1390 353 1472 381 non
1481 337 1570 380 facit
1581 338 1707 379 triduo
1719 340 1835 381 sol-{510
1843 357 1864 381 a
1875 348 1973 400 iugo,

163 410 198 442 ἂ
208 403 334 458 potest
341 403 428 445 fieri,
440 416 482 441 ut
490 403 613 441 statim
625 416 646 441 a
657 406 746 456 iugo
756 402 924 456 sequenti
932 403 1135 439 neomenia
1142 398 1259 438 videri
1269 398 1389 454 poffit.
1402 398 1495 438 Hoc
1505 396 1635 439 modo,
1648 396 1782 435 mensis
1795 400 1909 437 ciuilis
1919 400 1977 438 sae-

160 473 371 515 penumero
381 456 469 496 effer
483 461 566 492 ᾗῇ
583 456 729 498 dierum
737 458 929 496 duntaxat.
941 457 1037 494 Sane
1047 455 1186 494 accidit
1199 467 1241 493 ut
1252 454 1360 493 Luna
1371 453 1510 494 eodem
1521 452 1581 492 die
1596 454 1795 493 occultari,
1812 458 1850 491 δε
1861 455 1978 494 videri

159 514 283 570 poffit,
294 513 397 567 quod
406 512 580 551 rariffime
589 517 789 566 contingit,
802 511 917 565 idque
931 511 1069 551 Plinius
1078 515 1129 549 ait
1136 525 1216 550 non
1227 508 1332 565 poffe
1344 509 1438 554 fieri,
1447 510 1512 549 nifi
1521 522 1640 563 quum
1655 509 1718 548 Sol
1732 508 1830 548 estin
1841 510 1980 549 Ariete,

163 570 237 611 Sed
249 567 523 622 amiciquidam
537 568 651 607 nostri
662 581 765 606 anno
785 580 927 607 nomn,
950 580 1069 620 quum
1087 570 1127 604 in
1143 569 1369 606 Aremorico
1383 570 1474 604 mari
1492 570 1735 620 nauigarent,
1755 563 1839 619 post
1855 566 1982 604 Solem

162 625 335 667 occasum
351 630 426 658 ,δεῇ
444 623 630 673 Februarij
644 622 819 662 viderunt
840 622 991 660 Lunam
1001 636 1166 666 nouam,
1186 636 1302 677 quam
1316 637 1427 661 mane
1442 622 1692 661 antecedente
1700 633 1868 659 veterem
1879 649 1890 665 ,
1911 637 1982 660 no-

163 692 333 723 tauerant
348 708 358 722 ,
385 678 562 718 nondum
578 678 687 726 radijs
720 677 907 718 Solaribus
927 679 1159 733 implicatam
1168 709 1176 718 .
1220 679 1307 717 Erat
1328 683 1532 717 neomenia
1552 677 1656 716 Adar
1675 677 1889 732 posterioris
1910 707 1919 723 ,
1947 685 1985 716 κῖι

160 738 355 787 ῐχθυόνΘι.
388 733 552 789 Qodfi
569 747 758 789 ponamus
775 735 925 773 Lunam
943 747 1024 773 non
1039 733 1201 789 potuiffe
1214 733 1330 773 videri
1343 737 1381 772 in
1399 734 1641 772 antecedenti
1658 731 1799 775 mense,
1821 739 1887 788 qui
1907 750 1985 776 erat

161 793 265 834 Adar
276 791 520 835 intercalaris,
536 789 603 829 nifi
616 791 702 845 post
719 790 885 830 triduum
898 804 919 829 a
931 793 1039 844 iugo,
1062 790 1232 829 Adarille
1243 790 1409 828 infitiuus
1425 788 1546 828 fuiffet
1559 802 1708 843 tantum
1720 795 1802 827 λῖῦῖι
1821 791 1984 837 dierum,

161 849 186 888 fi
195 850 412 887 neomenias
425 860 446 885 a
456 846 598 886 visione
609 848 724 887 Lunae
737 850 859 902 putari
870 860 953 886 mos
962 845 1092 885 fuisset.
1125 847 1262 900 Qare
1271 849 1309 883 in
1318 846 1452 883 nullius
1461 849 1628 885 mortalis
1639 849 1824 900 potestate
1833 847 1984 888 estneo-

162 908 304 944 menias
317 918 339 942 a
356 902 495 943 vifione
504 904 795 958 Lunaeincipere
804 931 815 948 ,
835 902 942 957 quod
949 915 1099 957 tempus
1112 901 1260 941 vifionis
1271 901 1483 950 admodum
1504 907 1541 940 δε
1554 904 1735 956 inaequale
1748 910 1785 942 &
1798 907 1988 944 incertum

158 962 215 1004 sit.
246 960 426 999 Praeterea
439 958 464 998 fi
477 958 616 998 eodem
624 972 800 1014 tempore
822 959 930 998 Luna
943 973 1044 998 noua
1061 957 1177 996 videri
1190 956 1329 1012 posset,
1348 970 1477 996 tamen
1485 958 1740 1012 pendentibus
1761 960 1896 1000 nubilis
1905 975 1988 1001 non

161 1015 293 1073 posset.
307 1014 580 1070 Ineptissimum
591 1019 702 1071 igitur
715 1015 890 1070 est‚quod
903 1013 1181 1069 quidaqudaei
1192 1027 1270 1053 tam
1280 1012 1436 1055 veteres,
1446 1029 1556 1067 quam
1572 1020 1799 1056 recentiores
1809 1016 1990 1063 scribunt,

162 1073 281 1112 stante
289 1072 820 1126 utr0q3Templo,neomenias
833 1086 855 1110 a
865 1071 1007 1111 visione
1014 1070 1132 1109 Lunae
1141 1070 1332 1109 instituere
1341 1073 1456 1109 moris
1467 1069 1579 1108 fuiffe.
1590 1067 1990 1128 MuhammedanLElui
2002 1105 2008 1111 .

165 1128 370 1171 triduo‚aut
378 1127 494 1167 biduo
507 1142 527 1166 a
540 1128 892 1167 coituluminarium
903 1130 1150 1166 neomeniam
1163 1125 1389 1165 Muharram
1402 1131 1548 1170 ineunt,
1560 1140 1638 1166 non
1647 1126 1796 1181 possent
1808 1129 1886 1169 hoc
1898 1135 2002 1185 prae-'

163 1186 267 1225 stare.
296 1185 391 1224 Non
404 1188 506 1223 enim
517 1188 845 1227 omnineomenia,
860 1198 909 1222 ne
918 1182 1009 1222 sudo
1019 1182 1176 1237 quidem
1185 1182 1288 1226 caelo,
1299 1182 1450 1220 Lunam
1463 1182 1589 1222 videre
1601 1183 1762 1238 possunt.
1799 1186 1874 1225 Sed
1884 1187 1991 1240 quod

164 1238 341 1296 imposuit
352 1239 627 1294 Iiidaeis‚quiita
637 1239 821 1284 scribunt,
845 1240 983 1289 &alijs,
1001 1251 1043 1278 ut
1054 1243 1105 1277 ita
1124 1236 1318 1281 sentirent,
1344 1237 1614 1293 persuaserunt,
1639 1240 1691 1278 est
1703 1255 1789 1280 mos
1801 1245 1991 1296 antiquus,

165 1312 243 1351 quo
258 1302 294 1335 δέ
304 1295 369 1351 ipsi
380 1309 536 1335 utuntur
547 1296 673 1335 hodie.
704 1297 810 1335 Nam
824 1299 936 1335 etiam
949 1309 1184 1349 quocunque
1193 1295 1254 1334 die
1265 1294 1410 1337 meniis,
1434 1299 1580 1349 primo,
1596 1295 1776 1340 secundo,
1802 1309 1867 1337 aut
1879 1303 1992 1338 tertio

164 1357 330 1406 primum
345 1353 535 1391 nouellam
558 1352 708 1391 Lunam
716 1352 906 1394 viderent,
933 1366 1018 1390 eam
1034 1350 1327 1389 sancitificabant.
1360 1351 1452 1389 Hoc
1463 1356 1500 1389 &
1512 1351 1647 1390 Turcae
1669 1366 1824 1406 quoque
1836 1353 1991 1394 faciunt.

166 1407 441 1446 Conscendunt
448 1408 537 1444 altas
547 1406 710 1458 speculas
719 1407 792 1443 diei
802 1408 942 1442 ultimae
953 1405 1088 1441 meniis
1098 1403 1261 1455 vespere.
1275 1410 1311 1440 δε
1323 1405 1348 1440 sl
1355 1405 1486 1441 vident
1494 1406 1743 1447 Lunam,eam
1754 1408 1995 1452 acclamatio-

163 1463 270 1501 nibus
282 1460 567 1516 prosequuntur.
600 1460 663 1498 Sin
673 1471 800 1498 autem
809 1486 820 1502 ‚
842 1457 1090 1497 nihilominus
1102 1456 1279 1495 indicunt
1291 1462 1539 1496 neomeniam
1549 1473 1594 1496 ex
1609 1460 1995 1504 Triacontaeteridon

163 1515 526 1557 hebdomadicarum
538 1515 708 1554 doctrina
717 1539 729 1557 ‚
746 1528 792 1553 ex
803 1513 951 1551 Tabula
963 1516 1096 1566 quinta
1110 1513 1257 1566 Capitis
1272 1513 1292 1545 Ξ
1305 1513 1387 1551 libri
1396 1517 1521 1567 primi.
1555 1514 1661 1553 Idem
1674 1516 1864 1558 faciebant
1874 1522 1924 1558 illi
1934 1535 1997 1561 ve-

165 1587 257 1614 teres
265 1572 415 1611 Hebraei
424 1599 435 1616 ,
458 1584 553 1624 quos
563 1584 645 1609 non
655 1568 703 1609 ad
714 1568 898 1609 visionem
905 1572 1034 1610 Lunae,
1057 1567 1165 1621 quod
1173 1581 1290 1606 nemo
1300 1568 1472 1622 praestare
1484 1571 1618 1622 potest,
1629 1571 1690 1610 sed
1705 1587 1725 1611 a
1738 1577 1746 1610 i
1753 1588 1828 1628 ugo
1839 1589 1995 1617 neome-

164 1634 266 1669 niam
277 1628 466 1667 instituere
478 1625 602 1665 solitos
616 1624 718 1663 fuiffe
731 1652 740 1666 ‚
761 1623 842 1664 satis
851 1623 1036 1679 superque
1046 1623 1189 1663 indicio
1203 1622 1256 1663 est
1275 1622 1477 1674 ›irffloenci;‚
1498 1639 1581 1678 quae
1591 1627 1644 1664 est
1663 1627 1793 1681 κρόψς
1803 1632 1949 1679 πλήμης,
1975 1647 1998 1674 a

164 1700 249 1740 qua,
261 1696 303 1722 ut
313 1682 401 1726 dixi,
411 1681 666 1736 saepenumero
676 1709 687 1725 ,
709 1681 775 1719 nifi
785 1680 872 1736 post
879 1679 1067 1724 triduum,
1086 1680 1194 1719 Luna
1206 1678 1325 1720 videri
1335 1694 1417 1720 non
1425 1680 1561 1735 potest.
1596 1681 1688 1722 Ideo
1699 1696 1778 1722 rain
1793 1686 1995 1736 τμωκαίὸω,

164 1754 279 1794 quam
292 1737 472 1789 νεομλωῖαμ,
485 1737 623 1777 sacram
632 1737 838 1781 habebant,
847 1740 1204 1794 propterincertum
1215 1748 1367 1791 tempus
1378 1737 1574 1786 nouilunij.
1611 1739 1730 1778 Cuius
1743 1745 1793 1780 rei
1801 1743 1997 1786 manifesta

167 1795 282 1835 hodie
290 1799 329 1833 in
340 1792 524 1833 Iudaismo
533 1806 663 1833 extant
671 1793 834 1849 vestigia,
843 1807 964 1848 quum
971 1793 1067 1833 duos
1079 1790 1191 1833 festos
1200 1792 1278 1832 dies
1290 1796 1504 1832 neomeniae
1512 1796 1998 1855 continuant.sedineptam

167 1856 242 1891 eius
253 1854 303 1890 rei
313 1848 472 1889 caussam
485 1849 665 1894 reddunt,
685 1864 806 1904 quum
814 1850 892 1889 hoc
903 1847 1068 1889 sefacere
1079 1848 1214 1888 dicunt
1219 1862 1380 1904 propter
1391 1847 1482 1890 m'nb
1496 1861 1568 1904 pso,
1579 1850 1618 1889 id
1631 1851 1683 1890 est
1701 1851 1862 1894 dubium
1880 1857 1998 1898 Lunae

168 1912 206 1947 in
218 1906 571 1962 deportatione,fiue
581 1908 733 1959 exilij‚in
741 1921 820 1961 quo
834 1920 938 1946 nunc
948 1904 1149 1952 versantur.
1179 1905 1253 1945 Sed
1265 1905 1322 1944 ha:
1335 1905 1418 1944 sunt
1427 1906 1590 1960 reliquiae
1598 1912 1731 1947 veteris
1741 1914 1866 1955 moris,
1877 1927 1998 1966 quum
2010 1912 2014 1916 ⁴

166 1961 246 2003 duo
263 1963 340 2002 dies
351 1961 438 2002 sacri
448 1966 779 2005 continuarentur,
798 1961 983 2013 ἧτμωκοὶς
994 1992 1003 2007 ,
1023 1977 1140 2017 quam
1159 1961 1292 2017 ἑορτίαὶ,
1313 1967 1487 2017 &prima
1501 1962 1654 2007 mensis,
1678 1979 1794 2018 quam
1808 1969 1998 2022 Iepopolwi‘m

168 2020 365 2059 vocabant.
385 2018 763 2073 Itaquemanifestum
775 2023 852 2060 eius
862 2023 914 2059 rei
926 2019 1123 2075 vestigium
1136 2031 1240 2060 extat
1249 2023 1266 2054 ῖ
1280 2019 1441 2059 Samuel.
1450 2023 1509 2063 κ’ῖε,
1527 2034 1589 2071 27.
1600 2020 1664 2058 ubi
1676 2035 1755 2071 ’ψῃ
1768 2037 1809 2072 5¹1¹
1818 2039 1884 2075 [²⁸22
1897 2026 2000 2069 >2713sp

165 2075 293 2120 ἒπιέσης
301 2071 451 2129 ὃώτέρας
459 2074 807 2132 νεομᾶυἴοιςφοβνὶάίε
814 2075 1054 2115 Kalendarum
1054 2076 1362 2131 ficundarumqu
1368 2075 1420 2115 od
1427 2081 1466 2114 in
1474 2075 1560 2115 eod.
1571 2076 1668 2132 Cap.
1672 2091 1688 2127 3
1695 2092 1721 2127 4
1741 2074 1873 2121 diserte
1882 2093 2000 2124 expo«

167 2136 267 2171 nitur
280 2145 359 2181 ’,ψῃ
369 2135 478 2186 rapina.
489 2129 524 2172 ὃν
537 2131 686 2188 raphaia
704 2127 966 2190 δώτέξᾳᾙιιειε
976 2137 1089 2188 igitur
1101 2136 1323 2172 neomenias
1337 2131 1670 2175 celebrabant,fiue
1683 2134 1789 2174 binas
1801 2128 1998 2184 Kalendas,

166 2200 324 2243 propter
335 2188 493 2229 dubium
505 2189 632 2228 Lunae.
663 2191 801 2244 Qare
811 2194 941 2245 inepte
956 2188 1068 2229 Iudaei
1089 2202 1235 2229 vocant.
1250 2188 1410 2228 dubium
1428 2188 1721 2243 deportationis,
1746 2206 1867 2245 quum
1890 2193 1932 2233 fit
1943 2209 1999 2234 res

165 2243 263 2282 adeo
275 2243 426 2283 vetusta.
435 2245 539 2285 Nam
549 2246 748 2284 ridiculum
763 2246 921 2300 &plane
934 2244 1344 2300 explodendum‚quod
1351 2244 1611 2300 paraphrastes
1625 2245 1829 2286 Chaldaeus
1838 2255 2000 2290 commi-

162 2298 407 2348 nisciturnqivp
418 2313 488 2353 κως
498 2313 572 2345 mv
582 2305 766 2353 minuma-‚r
773 2313 891 2352 tonna
902 2300 1024 2340 diebus
1032 2299 1462 2357 eiusposterioribusffspue
1471 2298 1517 2350 est
1525 2299 1646 2351 mensts
1655 2304 2000 2358 intercalarisstcun-

163 2353 242 2392 dus.
260 2355 364 2407 quod
373 2356 464 2408 quid
474 2356 529 2398 fit,
542 2349 660 2394 nemo
671 2350 723 2394 eff
733 2350 798 2408 qui
810 2352 946 2409 capere
953 2356 1075 2409 possit.
1109 2357 1214 2393 Nam
1227 2352 1472 2393 Hebraismus
1485 2353 1618 2394 diserte
1628 2355 1721 2397 dicit
1733 2362 1772 2397 in
1785 2360 1901 2402 biduo
1910 2377 2004 2403 con—

166 2413 273 2448 tinuo
285 2410 473 2448 Dauidem
482 2408 643 2449 abffiiffe.
675 2410 803 2448 Atiste
812 2413 1026 2465 interponit
1037 2409 1206 2449 mensem
1219 2411 1492 2449 intercalarem.
1528 2411 1632 2451 Nam
1645 2427 1665 2451 a
1679 2421 1885 2457 neomenia
1894 2432 2003 2458 men-

168 2464 210 2502 sis
224 2478 296 2517 qua
311 2468 476 2518 primum
491 2465 610 2503 abfuit
626 2491 637 2507 ,
659 2464 708 2501 ad
724 2470 970 2502 neomeniam
991 2467 1086 2503 illius
1103 2481 1178 2517 qua
1200 2465 1368 2504 secundo
1385 2480 1467 2505 non
1489 2481 1703 2521 compatet,
1726 2471 1928 2513 manifesto
1949 2475 2003 2516 est

169 2519 303 2558 mensis
317 2530 422 2558 unus.
442 2521 544 2574 Qis
557 2533 638 2557 non
647 2522 804 2569 miretur
816 2517 1083 2557 absurditatem
1097 2528 1107 2555 .>
1124 2519 1185 2557 Est
1197 2520 1393 2558 saneloeus
1406 2519 1574 2574 infignis.
1609 2523 2004 2580 Qiinterpretantur

167 2579 337 2629 αἱῄηνῃέςι,
352 2575 636 2624 dicmfi’cundum
646 2575 871 2627 menstsmon
880 2588 997 2628 magis
1011 2572 1165 2629 possunt
1180 2579 1276 2613 tueri
1289 2575 1328 2614 id
1338 2602 1348 2619 ,
1369 2589 1484 2629 quam
1499 2575 1593 2631 fitting
1608 2591 1666 2627 περ
1684 2593 1877 2622 verterent
1886 2593 2003 2625 Deum

170 2631 286 2673 verbi,
297 2646 413 2685 quum
422 2631 464 2669 fit
477 2630 629 2670 verbum
638 2634 719 2675 Dei,
731 2630 1062 2684 quemadmodum
1070 2630 1162 2669 illud
1166 2631 1323 2683 secanda
1334 2636 1517 2671 neomenia
1530 2663 1539 2676 ,
1554 2628 1787 2688 nonstcunda
1802 2646 2003 2687 neomeniae,

171 2700 234 2726 aut
246 2687 391 2725 menfis.
421 2687 525 2781 Qoeis
536 2687 814 2726 Grammaticus
825 2687 930 2726 aliter
939 2686 1074 2726 dixerit
1086 2696 1096 2726 ?
1116 2688 1210 2726 Non
1220 2690 1324 2726 enim
1337 2687 1541 2729 aduettunt
1554 2688 1657 2730 fiaiss'e
1667 2691 1771 2731 diem
1782 2694 1938 2742 festum,
1959 2711 2003 2738 ut

174 2743 261 2782 ibid.
277 2744 326 2781 18.
343 2755 480 2797 propte
523 2746 748 2787 aconuiuio,
772 2757 849 2797 quo
862 2757 996 2783 omnes
1014 2747 1228 2783 neomenia:
1246 2743 1547 2785 instaurabantur
1556 2748 1761 2802 oportebat
1772 2750 2002 2794 domesticos

174 2796 359 2837 interess'e.
390 2799 437 2837 Et
448 2797 615 2853 sequenti
637 2798 697 2838 die
709 2798 811 2839 idem
823 2798 1042 2839 faciendum
1051 2811 1139 2839 erat.
1159 2799 1322 2854 proinde
1347 2806 1384 2838 &
1397 2800 1472 2856 ipsa
1484 2817 1639 2857 quoque
1659 2813 1950 2849 eratneomenia
1961 2810 2003 2850 id

174 2855 226 2894 cst
237 2853 406 2897 secunda,
419 2869 500 2909 quae
508 2853 671 2895 secundo
680 2859 861 2895 conuiuio
875 2856 1135 2896 celebrabatur
1149 2856 1200 2896 ob
1211 2855 1371 2894 dubium
1380 2857 1506 2897 Lunae.
1542 2860 1580 2898 Si
1595 2864 1710 2914 igitur
1721 2879 1758 2917 xp
1764 2858 1851 2915 ύψς
1860 2864 2003 2912 σελάόης

175 2922 254 2951 crat
271 2914 306 2948 ὸν
321 2910 540 2961 vis-refotum
553 2940 561 2953 ‚
581 2910 750 2966 profecto
760 2911 850 2952 visio
863 2926 945 2952 non
957 2925 1130 2967 poterat,
1150 2911 1217 2951 nifi
1234 2912 1425 2954 rariffime,
1449 2912 1615 2968 sequenti
1634 2909 1745 2957 n'oste
1767 2925 2001 2976 contingere.

173 2969 280 3022 Qae
293 2964 898 3021 suntargumentamanifestiffima
909 2981 1052 3009 veteres
1074 2969 1117 3008 H
1120 2969 1260 3009 ebraeos
1283 2982 1364 3008 non
1384 2969 1452 3009 abta*
1466 2972 1493 3011 ᾧ
1506 2971 1634 3026 ὅψεως,
1656 2971 1718 3012 sed
1734 2975 1839 3016 >2713AE
1857 2972 2000 3017 σαμὸὃου

176 3027 240 3063 ταῖν
253 3022 408 3079 φωςῆςων
433 3027 651 3063 neomenias
662 3023 736 3065 suas
746 3023 900 3080 put'affe.
931 3023 1061 3079 Atque
1073 3025 1154 3066 haec
1162 3025 1341 3065 haetenus
1354 3025 1402 3065 de
1410 3040 1512 3066 anno
1524 3019 1778 3069 Hebraeorum
1790 3044 1870 3071 tam
1879 3047 2002 3088 aequa-

177 3079 241 3118 bili
250 3106 261 3123 ,
278 3091 391 3132 quarn
403 3079 550 3118 Lunari.
570 3081 703 3134 quibus
712 3095 829 3121 nemo
840 3095 966 3135 neque
978 3082 1147 3126 meliora,
1168 3096 1294 3136 neque
1307 3086 1467 3122 certiora
1475 3083 1621 3124 adferre
1630 3092 1780 3140 poterit.
1799 3103 1820 3127 a
1835 3103 1998 3143 quorum

179 3138 399 3190 cognitione
414 3149 547 3175 omnes
567 3136 768 3182 stelliones,
789 3138 942 3177 aemulos
954 3165 966 3182 ,
981 3137 1153 3190 κωθαροδς
1170 3137 1451 3178 submonemus.

576 3224 652 3265 IN
688 3225 941 3266 CAPVT
981 3226 1548 3266 DVODECIMVM.

110 3305 167 3351 >In
174 3310 251 3350 hoc
259 3310 389 3365 Caput
398 3324 555 3351 omnem
564 3312 773 3352 dostrinam
787 3316 877 3353 anni
887 3316 971 3368 vagi
989 3313 1267 3373 Aegyptiorum
1274 3341 1286 3358 ‚
1307 3315 1337 3352 A
1344 3317 1580 3354 rmeniorum
1588 3342 1597 3357 ‚
1623 3315 1817 3357 Persarum
1838 3322 2001 3359 conieci‘

179 3380 274 3406 mus.
305 3367 508 3421 Qicquid
518 3367 564 3407 ad
573 3367 767 3407 historiam
779 3374 856 3410 eius
868 3372 1046 3423 pertinet,
1062 3370 1178 3410 habes
1189 3368 1341 3409 abunde
1349 3374 1388 3408 in
1399 3370 1499 3409 libris
1508 3371 1556 3411 de
1569 3372 1720 3412 emend.
1737 3386 1853 3429 temp.

124 3424 192 3463 ΚΑ
204 3435 226 3461 1.
240 3435 296 3462 EN
310 3436 336 3461 D
348 3436 412 3463 AR
426 3438 438 3461 1
451 3437 476 3463 v
488 3435 521 3461 M
552 3434 618 3462 AN
631 3436 657 3461 N
670 3437 683 3461 1
714 3437 739 3463 v
751 3438 778 3464 A
793 3440 816 3465 G
834 3426 885 3482 1.]
912 3425 1009 3465 Non
1023 3425 1170 3481 indiget
1183 3431 1398 3480 interprete.

123 3478 161 3519 T
171 3494 198 3518 A
208 3492 229 3517 B
241 3493 266 3518 v
280 3491 303 3517 L
314 3488 340 3517 Α
361 3491 381 3516 P
394 3492 421 3517 R
433 3492 488 3517 1M
500 3492 526 3517 A
553 3493 575 3518 c
590 3492 618 3518 H
630 3492 657 3518 A
667 3492 695 3517 R
710 3492 737 3518 A
749 3494 772 3519 c
787 3495 811 3520 τ
825 3494 847 3521 Ε
860 3496 888 3521 R
901 3495 913 3519 1
927 3494 943 3520 s
956 3493 990 3520 M
1002 3479 1055 3538 1.]⁴
1071 3482 1200 3537 Qod
1208 3496 1311 3522 anno
1325 3483 1468 3522 Iuliano
1480 3482 1816 3524 Enneadecaeteris
1829 3483 2002 3525 ciridan-

177 3549 230 3574 no
240 3549 337 3590 vago
346 3535 579 3591 Aegyptiaco
587 3535 639 3576 est
656 3536 974 3589 άυωπενπιετηὸίς.
1008 3538 1362 3594 Qemadmodum
1373 3543 1477 3579 enim
1469 3543 1525 3635 Zin
1538 3544 1592 3577 ΞΓΧ
1612 3545 1718 3580 annis
1727 3542 1872 3579 Iulianis
1886 3539 2002 3577 Lunae

1564 3610 1587 3645 ι]
1841 3607 2003 3634 rationes
