2366 4040
560 427 1290 482 TESTIMONIA
1359 426 1896 474 VETERUM

320 552 2144 767 CHRODRJICIS

693 806 1783 886 ‘EUSEBIL

834 987 1039 1032 Hieronymus
1050 987 1227 1017 Comment.
1249 983 1283 1014 in
1291 979 1462 1022 Dflnielem
1473 992 1540 1029 cap.
1567 984 1631 1014 IX.

259 1058 429 1108 Qequid
440 1057 530 1091 enim
540 1055 574 1090 in
586 1054 711 1102 templo
723 1051 835 1101 postea
844 1048 971 1085 faetum
979 1048 1026 1083 est
1038 1073 1049 1090 ,
1059 1061 1127 1082 non
1138 1046 1202 1084 fuit
1212 1043 1411 1081 sacrificium
1419 1046 1497 1086 Dei,
1509 1045 1563 1080 sed
1577 1045 1686 1081 cultus
1697 1047 1856 1091 Diaboli,
1876 1050 2005 1086 cunetis
2016 1051 2051 1085 in
2063 1063 2211 1087 commu-

307 1121 350 1143 ne
361 1106 579 1142 clamantibus
592 1130 601 1145 ‚
621 1115 778 1139 sANGuls
800 1113 880 1146 EJus
902 1111 1014 1134 supER
1036 1111 1103 1133 Nos
1127 1110 1174 1133 ET
1194 1107 1316 1130 F1L105
1338 1108 1505 1131 NosTRos
1518 1110 1525 1129 z
1538 1099 1569 1130 ὅ(
1580 1095 1645 1130 hoc
1655 1122 1666 1137 ,
1686 1109 1763 1132 non
1787 1112 1960 1136 HABEMus
1979 1113 2111 1146 REGEM
2133 1114 2210 1136 NISI

311 1171 365 1193 effi
374 1169 507 1192 sAREM.
573 1167 645 1188 uem
656 1153 768 1188 locum
777 1151 812 1186 in
822 1150 994 1185 Chronica
1003 1147 1150 1190 Eusebii‚
1162 1159 1262 1196 quam
1272 1157 1348 1181 ante
1359 1159 1461 1180 annos
1474 1145 1640 1194 plurimos
1650 1147 1684 1181 in
1696 1147 1854 1184 Latinam
1864 1150 2015 1198 linguam
2033 1151 2212 1193 vertimus,

311 1208 455 1256 diligens
465 1206 571 1240 let-stor
580 1204 709 1251 plenius
723 1200 916 1238 edissertum
926 1199 1053 1248 poterit
1063 1197 1227 1233 invenire.

264 1286 396 1329 Αποδείξ.
406 1299 442 1333 25
451 1299 482 1321 0-
491 1283 619 1332 ὶὲθεῖοκς
628 1287 682 1330 γ’ἑν
695 1285 726 1325 ἐξ
738 1280 828 1318 indm
838 1285 862 1333 »ᾖ
874 1279 996 1326 ὃιωοιζικί
1006 1282 1029 1332 1}
1042 1279 1170 1324 ἀληθείᾳ
1180 1278 1386 1321 κοιὲἱλυθείσης
1396 1275 1538 1329 fficiam}
1551 1280 1805 1326 wovdsiffiau'pewc‘
1815 1279 2105 1329 ταῶτωνομιζᾶμᾶζυωι
2115 1281 2216 1317 &vaiet

316 1338 505 1379 ὂῗὲππλεῖἷοθυᾳ
520 1332 771 1377 3υσίοιι,οὶ“σ.πονδοι
785 1335 809 1384 »ᾖ
821 1331 927 1379 αἶνίεξοι
938 1328 1099 1375 ὀνβεὲἦλῳ
1111 1329 1190 1376 π’πῳ
1203 1333 1228 1382 '31
1241 1328 1311 1367 vem-ti
1322 1328 1462 1372 βεέἦλων
1480 1330 1505 1379 2}
1517 1328 1635 1375 οἱνιέςων
1646 1330 1832 1365 {mannia-w.

971 1409 1212 1460 Idemprooemio
1222 1414 1255 1445 in
1266 1409 1334 1444 loca
1347 1409 1520 1445 Hebraica.

265 1475 426 1510 Eusebius
437 1501 447 1516 ,
466 1477 523 1524 qui
535 1477 553 1511 ὲ
565 1480 664 1512 Beato
682 1474 859 1523 Pamphilo
878 1474 1035 1520 Martyre
1046 1485 1314 1522 cognomentum
1324 1472 1460 1509 sortitus
1471 1473 1517 1508 est
1526 1499 1537 1515 ,
1556 1473 1628 1521 post
1638 1474 1755 1509 decem
1766 1474 1915 1509 historiae
1923 1473 2159 1512 Ecclesiasticae
2176 1476 2217 1510 li-

314 1525 405 1566 bros,
416 1526 489 1573 post
500 1538 691 1575 temporum
701 1527 872 1565 CanoneS,
884 1536 966 1572 quos
978 1536 1037 1557 nos
1048 1524 1171 1558 Latina
1179 1524 1298 1572 lingua
1307 1524 1488 1568 edidimus,
1498 1528 1562 1558 &c.

811 1604 1010 1652 Augustinus
1022 1602 1059 1638 de
1070 1607 1179 1639 Civit.
1190 1604 1328 1647 Dei,lib.
1356 1609 1483 1645 XVIII,
1495 1617 1563 1654 cap.
1577 1608 1669 1639 VIII.

267 1666 385 1702 Nostri
395 1678 521 1709 autem,
533 1669 590 1716 qui
600 1668 772 1702 Chronica
782 1664 997 1713 scripserunt,
1008 1665 1100 1712 prius
1111 1666 1271 1701 Eusebius
1282 1692 1292 1707 ,
1306 1666 1377 1714 post
1386 1667 1621 1714 Hieronymus
1633 1692 1642 1707 ,
1657 1668 1714 1715 qui
1726 1668 1844 1716 utique
1854 1669 2072 1715 precedentes
2088 1668 2217 1717 aliquos

316 1716 491 1752 historicos
501 1718 534 1752 in
545 1718 606 1752 hac
616 1718 776 1765 opinione
787 1715 889 1750 secuti
901 1714 994 1759 sunt3
1013 1714 1085 1763 post
1094 1728 1199 1750 annos
1209 1717 1368 1764 amplius,
1380 1730 1479 1765 quam
1489 1718 1745 1764 trecentos‚jam
1754 1716 1899 1752 secundo
1911 1719 2120 1767 Argivorum
2130 1718 2218 1752 Pho-

318 1778 424 1800 roneo
436 1780 513 1814 rege
523 1779 697 1815 regnante,
708 1767 839 1816 Ogygii
851 1764 1018 1800 diluvium
1028 1763 1123 1801 fuisse
1133 1778 1413 1803 commemorant.

1102 1846 1235 1889 Eodem,
1255 1859 1323 1896 cap.
1335 1850 1380 1881 X.

267 1907 331 1942 His
343 1906 565 1954 temporibus,
578 1918 614 1941 ut
623 1908 737 1942 Varro
748 1905 889 1953 scripfit,
899 1919 1060 1954 regnante
1072 1909 1214 1943 Athenis
1225 1909 1362 1942 Cranao
1377 1906 1557 1942 successore
1567 1908 1730 1956 Cecropis
1740 1933 1751 1949 ‚
1762 1919 1799 1943 ut
1808 1919 1920 1943 autem
1931 1907 2047 1950 nostri,
2057 1908 2219 1947 Eusebius

315 1960 347 1989 ὅτ
357 1956 604 2002 Hieronymus,
614 1956 723 1990 adhuc
733 1955 852 1989 eodem
863 1956 1017 2001 Cecrope
1029 1968 1261 2002 permanente,
1272 1956 1442 1989 diluvium
1452 1955 1529 1989 fuit.

1060 2030 1193 2073 Eodem,
1205 2045 1275 2080 cap.
1288 2038 1421 2068 XXXI.

269 2099 357 2133 Tres
367 2097 545 2144 Prophetae
555 2097 594 2131 de
605 2097 805 2137 minoribus,
817 2096 959 2136 Abdias,
971 2095 1101 2135 Naum,
1113 2099 1145 2129 ὅ(
1156 2094 1304 2135 Abacuc,
1316 2107 1378 2129 nec
1388 2094 1444 2128 sua
1455 2105 1610 2142 tempora
1621 2094 1742 2129 dicunt
1752 2093 1812 2142 ipfi
1823 2120 1833 2136 ,
1846 2097 1951 2131 necin
1963 2097 2144 2133 Chronicis
2154 2101 2219 2134 Eu·
2228 2095 2236 2105 ”

320 2147 401 2182 sebii
410 2151 441 2180 ὅ(
453 2146 672 2193 Hieronymi,
685 2146 818 2193 quando
827 2144 1118 2193 prophetaverint,
1129 2144 1319 2186 invenitur,
1337 2148 1403 2179 &c.

901 2228 983 2259 Item
993 2223 1308 2278 Qaestionumfitper
1319 2229 1348 2260 E
1352 2224 1468 2260 xodum
1477 2224 1532 2259 lib,
1543 2228 1586 2259 II.

271 2290 416 2325 Proinde
427 2289 483 2323 illa
493 2289 652 2323 nimirum
663 2288 872 2335 computatio
882 2312 892 2328 ,
910 2301 1010 2336 quam
1021 2288 1150 2323 secutus
1161 2287 1205 2322 est
1214 2287 1375 2323 Eusebius
1386 2288 1421 2322 in
1440 2288 1592 2323 Historia
1602 2287 1656 2322 sua
1665 2288 1839 2323 Chronica
1849 2314 1860 2330 ,
1879 2289 2052 2338 perspicua
2075 2293 2220 2329 veritate

322 2339 461 2373 subnixa
473 2337 528 2373 est.
555 2338 608 2373 Ab
618 2338 675 2372 illa
684 2339 774 2373 enim
784 2334 998 2385 promissione
1009 2349 1183 2386 computat
1193 2337 1457 2387 quadringentos
1469 2338 1612 2386 triginta
1620 2351 1736 2372 annos.

997 2418 1167 2454 Iornandes
1179 2418 1299 2453 Gothus
1307 2419 1488 2467 Episcopus.

276 2483 410 2529 Regum
421 2479 538 2515 seriem
549 2481 798 2529 persequamur,
809 2480 890 2515 sicut
901 2479 1076 2523 Eusebius,
1087 2484 1119 2515 ὅ(
1129 2480 1374 2528 Hieronymus,
1384 2481 1500 2529 primu
1510 2494 1544 2516 m
1556 2479 1780 2530 Affyriorum,
1791 2482 1911 2517 deinde
1920 2484 2116 2525 Medorum,
2129 2487 2192 2520 δῖε.

953 2560 1085 2609 Isidorus
1097 2564 1188 2608 Orig.
1198 2559 1254 2594 lib.
1266 2564 1323 2602 VI,
1335 2572 1403 2609 cap.
1417 2560 1542 2596 ultimo.

276 2625 409 2659 Dehinc
419 2619 579 2657 Eusebius
589 2623 772 2671 Episcopus
783 2623 988 2659 Caefiirienfis
1000 2649 1011 2664 ‚
1030 2634 1129 2671 atque
1140 2621 1260 2657 smffiiae
1271 2623 1444 2657 memoriae
1455 2624 1689 2671 Hieronymus
1702 2625 1883 2673 Presbyter
1893 2625 2145 2661 Chronicorum
2155 2628 2219 2662 Ca-

270 2695 281 2703 ..
329 2685 457 2708 nonum
468 2672 690 2720 multiplicem
702 2674 881 2710 ediderunt
891 2673 1064 2708 historiam
1074 2673 1186 2721 regnis
1198 2671 1291 2706 simul
1300 2676 1333 2707 &
1343 2672 1550 2721 temporibus
1562 2673 1763 2708 ordinatam.

762 2755 959 2803 Nicephorm
970 2754 1115 2800 Callistus
1125 2753 1179 2788 lib.
1199 2757 1257 2794 VI,
1269 2765 1337 2802 cap.
1348 2756 1528 2793 XXXVII,
1540 2752 1577 2787 de
1585 2753 1727 2799 Eusebio.

277 2818 332 2853 Est
344 2821 375 2852 ὃ(
385 2817 473 2852 aliud
485 2817 554 2862 ejus
564 2817 739 2859 volumen,
749 2818 783 2851 in
795 2831 862 2866 quo
873 2829 1066 2863 temporum
1076 2826 1202 2850 certam
1212 2825 1468 2863 accuratamque
1479 2815 1645 2849 rationem
1655 2814 1801 2864 digessit,
1813 2816 2075 2854 chronicorum.

1078 2895 1291 2929 Marcellinus
1301 2897 1421 2928 Comes.

279 2958 353 2992 Post
364 2959 552 2993 mirandum
562 2972 659 3006 opus,
672 2958 761 3008 quod
774 2958 792 2992 a
803 2957 927 2992 Mundi
937 2956 1078 2998 fabrica,
1087 2955 1189 3005 usque
1198 2957 1233 2990 in
1242 2955 1503 2991 Constantinum
1514 2956 1719 3004 Principem,
1731 2957 1892 2993 Eusebius
1902 2959 2110 2996 Caesariensis
2122 2962 2219 3010 hujus

326 3007 435 3042 saeculi
444 3008 786 3056 originem,tempora,
797 3020 914 3048 annos,
925 3020 1040 3055 regna,
1051 3004 1258 3054 virtutesque
1268 3005 1476 3047 mortalium,
1487 3011 1520 3041 ὃς
1529 3006 1698 3041 variarum
1709 3009 1833 3043 artium
1843 3022 2041 3057 repertore5‚
2053 3013 2221 3049 omnium-

327 3070 392 3105 que
402 3071 495 3104 paene
504 3059 755 3104 provinciarum
767 3068 985 3091 monumenta
994 3069 1257 3090 commemorans
1268 3057 1391 3089 Graeco
1408 3055 1515 3090 edidit
1531 3055 1605 3090 stilo
1615 3082 1625 3098 ,
1646 3056 1820 3107 nosterque
1830 3059 2059 3107 Hieronymus
2079 3064 2220 3098 transtu—

328 3108 412 3140 lirin
424 3108 597 3147 Latinum,
609 3111 640 3140 &
652 3106 751 3153 usque
762 3108 796 3140 in
806 3107 985 3141 Valentem
996 3104 1177 3146 Caesarem,
1190 3107 1346 3139 Romano
1355 3105 1478 3151 adjecit
1486 3105 1633 3154 eloquio.
1653 3108 1768 3155 Igitur*
1777 3119 1918 3156 uterque
1936 3109 2034 3155 hujus
2044 3113 2155 3159 operis
2165 3127 2221 3148 au-

330 3156 404 3190 {tor
416 3155 459 3189 V.
488 3158 540 3191 M.
569 3155 824 3190 DLXXXVHI.
853 3169 1017 3190 annorum
1028 3156 1118 3190 hunc
1128 3155 1301 3190 Mundum
1311 3166 1392 3190 tunc
1401 3152 1472 3189 fore
1483 3155 1571 3190 miro
1582 3158 1791 3205 computavit
1801 3159 1949 3206 ingenio.

973 3235 1255 3284 Sidoniusepistola
1274 3237 1332 3275 VI,
1360 3234 1416 3269 lib.
1434 3239 1523 3271 VIII.

278 3301 471 3335 Varronem
481 3298 710 3347 logistoricum
723 3323 734 3339 2
754 3297 835 3333 ficut
846 3298 1038 3346 poposceras
1049 3324 1060 3340 ,
1078 3302 1110 3333 ὅ(
1120 3296 1299 3334 Eusebium
1310 3297 1624 3349 Chronographum
1635 3298 1717 3333 misi.

2056 3523 2222 3565 PRAE-
