2366 4040
651 192 1463 247 ANIM‘ADVERSIONES.

122 286 205 313 νει-κ
215 274 273 310 suae
292 270 422 319 epochae
432 269 592 306 redditum
603 269 651 304 fit.
675 271 778 315 Hujus
793 271 932 316 exempli
943 267 1060 303 infiniti

119 325 246 364 codices
258 322 469 369 reperiuntur,
482 320 570 369 quod
586 318 773 364 jamdudum
788 320 979 354 monuimus.
1002 331 1061 365 po-

122 372 261 411 sterioris
278 370 420 417 exempli
431 381 626 404 trestantum
637 369 817 407 habuimus,
839 369 1058 409 petavianum,

122 421 360 460 Freherianuui,
373 423 404 455 &
417 418 680 468 Bongarsianum.
699 421 736 452 In
747 419 818 454 PR.
831 416 999 464 duospatia
1011 418 1059 450 h‘i-

119 474 234 509 storica
252 470 343 514 sunt3
358 468 441 516 prius
460 471 683 505 Romanorum
695 490 704 506 ,
722 469 858 501 alterum
877 477 1057 502 exterarum

118 523 268 559 omnium
277 520 441 554 nationum
453 518 551 567 gestis
562 517 699 552 dicatum
711 517 768 551 est.

168 571 254 607 lbid.
274 572 428 604 luxuum
457 568 681 613 consutum]
698 566 807 613 Qod
820 563 978 600 Consules
991 567 1057 600 Ca-

119 622 198 658 noni
217 620 272 654 suo
282 617 448 653 inseruerit
461 615 614 653 Eusebius
624 641 633 653 ‚
650 614 722 647 satis
734 614 751 648 a
762 614 853 648 nobis
866 613 1055 661 disputatum

119 675 166 710 est
176 672 208 704 in
218 669 324 717 priore
334 668 418 702 libro
430 665 569 701 Eusebii.
591 665 682 710 Qae
693 663 768 697 inde
779 673 867 709 petat
877 664 1009 697 Leftor.

170 719 256 754 lbid.
281 719 365 764 Pulfis
379 718 413 751 ab
423 717 487 749 urbe
497 714 621 759 Regibus,
631 724 681 746 Vix
697 712 780 760 usque
788 713 828 746 ad
844 724 887 748 xv
905 715 1054 764 lapidem]

117 771 198 806 Haec
211 768 428 814 Hieronymus
439 763 456 797 Ξι
466 766 539 797 Sex.
552 759 650 796 Rufo.

168 818 300 853 Ibid.ad
315 829 354 849 xv
372 813 521 860 lapidem]
547 813 620 845 Sex.
637 809 740 846 Rufus
756 810 880 846 habe-tx
893 825 978 850 νιιι,
1002 813 1057 846 Sub

117 869 233 914 Regibus
243 867 349 913 septem
360 873 411 908 per
421 873 503 895 annos
513 873 595 894 ccxr„
608 872 634 894 ιι
647 872 668 900 1,
678 873 730 895 non
739 863 855 906 amplius
871 874 957 907 quain
975 864 1057 907 usquc

118 916 233 952 Portdm
244 924 329 959 atque
347 913 459 945 Ostiam
476 912 551 944 inira
566 912 694 944 ossavum
711 911 849 945 decimum
866 913 1021 945 miliarium
1038 912 1057 946 d

113 971 195 1014 portia
204 965 273 998 urbis
283 968 369 995 Roma
379 970 473 1006 utpote
481 961 571 1007 adbuc
582 970 686 1005 parvae,
699 961 734 996 (J
744 959 762 994 ti
770 962 923 1005 passioribus
932 963 1055 1001 condita,

114 1026 199 1060 quum
211 1013 336 1060 finitimae
343 1012 446 1044 circum
455 1011 584 1046 civitates
596 1018 765 1054 premerent,
776 1016 932 1045 Romanum
945 1011 1056 1058 proces-

103 1065 143 1112 fit
158 1063 316 1108 imperium.

156 1125 240 1160 lbid.
269 1130 456 1157 Romanorum
476 1128 560 1167 Reges
571 1121 678 1169 septem
695 1119 714 1156 ἆ
732 1123 877 1170 Romula]
907 1122 989 1156 Non
1004 1120 1054 1153 so-

112 1177 180 1212 lum
195 1175 226 1208 in
245 1186 286 1209 eo
304 1183 400 1210 errat,
415 1172 503 1219 quod
514 1172 718 1205 intervallum
736 1169 914 1205 {Palilibus
933 1170 1055 1217 primis,

112 1226 153 1261 ad
164 1222 388 1272 Regifugium,
397 1221 504 1255 statuit
520 1232 675 1254 annorum
686 1230 810 1254 tantum
830 1231 852 1253 c
865 1231 887 1253 c
900 1233 917 1253 x
929 1232 949 1253 1.
960 1241 970 1257 ,
1002 1218 1055 1253 sed

112 1276 223 1312 etiam,
234 1272 320 1321 quod
332 1272 452 1317 primos
463 1267 622 1304 Consules
635 1269 856 1318 quinquennio
863 1269 955 1302 citius
966 1280 1055 1301 crea-

115 1337 166 1359 tos
179 1323 266 1357 dicit.
296 1321 415 1366 Qare
427 1319 517 1363 hujus
529 1319 758 1366 quinquennii,
781 1318 954 1366 aliquando
964 1318 1053 1350 unius

114 1370 320 1419 Olympiadis
339 1367 616 1416 prochronismum
626 1366 798 1415 sequuntur
809 1366 956 1405 Orosius,
973 1366 1052 1400 Cas-

115 1423 258 1458 siodorus
270 1441 280 1456 ‚
310 1421 340 1452 ὅ(
364 1416 555 1452 chronicon
573 1417 726 1450 Graecum
745 1415 1029 1450 Casaubonianum
1042 1436 1052 1453 ,

114 1483 195 1521 quos
213 1468 321 1504 fastos
338 1466 461 1501 Siculos
480 1475 607 1500 vocant.
632 1468 669 1499 ln
691 1464 811 1500 Orofio
830 1462 1054 1500 veiomanife·

113 1523 190 1557 stior
199 1527 330 1566 apparet
348 1513 608 1563 prochronismus
625 1515 833 1562 quinquennii
843 1515 955 1560 ,cujus
966 1512 1053 1548 caus-

111 1569 176 1606 sam
188 1569 304 1603 nullam
324 1567 418 1600 aliam
436 1574 530 1611 puta,
551 1565 766 1611 praeterhanc,
785 1577 881 1612 quam
892 1564 1050 1598 diximus:

112 1622 174 1655 hoc
187 1616 326 1664 est,quia
336 1614 507 1650 Euseb'um
526 1614 558 1646 in
575 1614 651 1652 hoc,
665 1618 736 1648 ut&
748 1615 779 1647 in
791 1614 857 1647 aliis
868 1635 878 1654 ‚
899 1612 1052 1662 sequitur.

107 1693 135 1710 ‚‚
191 1661 603 1702 ueimdmoduniEusebius
613 1662 860 1710 prochronismo
869 1665 1055 1713 quinquen-

110 1719 199 1760 „nii,
219 1719 261 1750 ita
279 1713 403 1761 septem
421 1725 578 1746 annorum
597 1712 871 1747 metachronismo
883 1724 995 1761 peccat
1008 1717 1052 1748 A-

110 1766 291 1813 „fi-icanus‚
305 1765 358 1811 qui
379 1762 396 1796 Ξι
413 1760 611 1796 Consulibus
630 1763 737 1808 primis
749 1785 759 1801 ‚
778 1763 817 1796 ad
837 1763 1052 1798 Consulatum

112 1839 138 1858 ‚‚
149 1815 264 1855 Grati,
291 1817 322 1848 &
347 1810 473 1846 Seleuci
490 1821 580 1857 putat
595 1821 719 1845 tantum
734 1823 835 1845 annos
854 1825 878 1847 D
891 1824 912 1846 c
927 1825 948 1847 c
962 1825 1010 1846 xx
1022 1826 1054 1846 v.

113 1889 139 1907 ‚,
151 1866 204 1913 qui
214 1863 343 1898 deducti
355 1862 395 1895 de
405 1871 541 1893 numero
553 1873 614 1896 MM
626 1871 647 1893 c
662 1871 683 1893 c
695 1873 712 1893 x
724 1874 741 1894 x
753 1873 771 1894 x
783 1871 802 1892 v
813 1872 861 1901 ιι,
870 1862 1055 1909 relinquunt

114 1924 315 1958 „numerum
335 1923 358 1943 M
371 1921 393 1942 D
406 1920 481 1946 xi1,
500 1907 623 1955 septem
640 1911 730 1943 annis
748 1909 820 1956 post
841 1909 940 1945 fasces
951 1911 1054 1945 Bruti.

113 1987 138 2006 „
149 1962 260 1998 Verba
270 1957 415 1994 Africani
432 1968 508 2005 pete
525 1970 564 1992 ex
575 1960 663 1992 notis
681 1959 721 1994 ad
740 1970 908 1995 numerum
920 1972 946 1994 M
957 1972 984 1995 iu
993 1972 1009 1994 c
1020 1972 1055 1994 c-

110 2035 134 2055 „
146 2025 165 2046 x
177 2025 195 2046 x
205 2024 223 2045 x
234 2024 252 2045 v
262 2023 271 2044 ι
282 2021 306 2044 ι.
782 2011 785 2014 “

164 2073 249 2109 lbid.
274 2073 349 2109 sive,
359 2079 390 2104 ut
399 2070 562 2118 quibusdam
572 2072 665 2117 placet
683 2083 752 2106 ccx
765 2073 895 2122 L11!.]c
906 2086 922 2107 c
932 2085 974 2108 xi.
984 2083 1052 2112 111,

114 2134 168 2159 aut
183 2135 283 2157 ccxm
294 2135 310 2153 v
327 2131 483 2154 annorum
496 2119 697 2161 discriminis,
708 2123 796 2169 quod
814 2122 860 2156 est
870 2124 957 2156 unius
969 2123 1053 2161 anni,

109 2172 213 2218 pauffa
225 2166 344 2219 pendet
354 2181 392 2203 ex
401 2168 553 2203 Palilibus
573 2171 792 2209 varronianus,
804 2175 834 2205 ἅ
850 2172 1051 2209 Catonianis.

113 2225 201 2258 Cato
209 2221 295 2256 enim
306 2231 369 2253 uno
378 2230 463 2252 anno
472 2216 568 2252 serius
576 2219 689 2254 Palilia
700 2220 803 2265 prima
816 2242 825 2257 ‚
838 2221 942 2266 ponit,
954 2233 1049 2268 quain

111 2275 230 2307 Varro.
239 2270 345 2306 Prima
357 2267 465 2304 Palilia
475 2279 611 2301 numero
627 2280 689 2302 mcc
697 2280 771 2303 va.
780 2270 879 2303 Primi
889 2268 1050 2305 Consules

111 2332 247 2356 numero
256 2330 281 2353 M
292 2330 315 2352 D
331 2329 386 2352 1x.
412 2317 717 2358 Intervallum‚anni
726 2330 742 2352 c
754 2331 771 2352 c
782 2331 825 2352 xi.
839 2330 852 2353 1
865 2332 894 2354 v.
914 2321 992 2353 Haec
1002 2319 1050 2354 est

101 2370 224 2418 opinio
235 2367 382 2406 Catonis,
396 2367 449 2414 qui
460 2365 560 2412 prima
568 2366 679 2400 Palilia
687 2365 796 2402 statuit
804 2368 836 2401 in
846 2368 1050 2417 eoanno‚qui

111 2419 257 2454 currebat
265 2417 367 2451 adhuc
379 2425 507 2464 quartus
519 2415 723 2463 Olympiadis
730 2415 837 2452 sextae.
849 2420 956 2452 Varro
964 2431 1051 2452 anno

111 2468 343 2505 antecedente,
360 2465 414 2514 qui
431 2475 499 2499 erat
515 2465 626 2498 tertius
638 2466 858 2514 Olympiadis.
879 2471 928 2502 lta
939 2467 1051 2501 securi-

112 2520 189 2552 dum
200 2519 395 2555 Varronem,
404 2513 421 2547 ἐι
431 2513 542 2561 primis
550 2514 702 2549 Palilibus
713 2538 724 2554 ,
739 2515 779 2550 ad
789 2517 910 2563 primos
922 2517 1048 2552 Consu-

110 2570 169 2608 les,
179 2565 247 2601 sunt
257 2565 330 2599 anni
348 2577 364 2600 c
374 2577 390 2598 c
401 2577 419 2597 x
431 2578 447 2596 ι
460 2576 491 2600 v.
521 2575 590 2611 quae
600 2565 746 2607 omnium
757 2566 880 2612 optima
890 2565 1048 2600 sententia

110 2617 237 2652 videtur
251 2612 326 2649 effe.
352 2615 473 2661 Qare
483 2614 625 2661 quinque
642 2614 689 2647 illi
705 2615 777 2647 anni
797 2614 904 2648 omiffi
921 2613 990 2648 sunt
1008 2616 1048 2649 ab

111 2665 263 2703 Eusebio,
274 2668 306 2699 &
317 2664 458 2698 totidem
468 2673 626 2697 annorum
639 2662 884 2709 prochronisino
894 2664 1050 2710 peccandi

111 2717 222 2749 ειυᾶοῐ
230 2711 287 2747 fuit
297 2711 430 2751 Oresio,
443 2710 651 2752 Caffiodoro,
664 2716 695 2746 ἃ
707 2712 787 2744 aliis.

159 2784 224 2809 MD
236 2788 268 2809 v.
303 2773 462 2810 PERsAR.
488 2785 627 2808 MACED·
653 2774 881 2822 consutum]
912 2773 1002 2808 Scito
1017 2774 1049 2807 in

114 2825 348 2859 Frelieriano&
358 2823 535 2858 Petaviano
543 2820 671 2868 semper
682 2822 765 2855 inter
777 2822 1051 2864 titulos-frontales

112 2875 259 2908 ultimum
277 2869 338 2906 else
349 2874 566 2906 ConsuLuivi.
577 2881 610 2903 ut
621 2871 670 2904 vel
683 2882 719 2904 ex
731 2870 792 2905 hoc
803 2870 947 2906 constare
957 2872 1054 2919 poffit

116 2923 194 2956 olim
213 2920 372 2956 Consules
390 2921 431 2953 ab
456 2918 596 2954 Eusebio
614 2920 646 2953 in
671 2918 727 2952 suo
750 2919 852 2966 spatio
868 2922 1048 2956 collocatos

112 2970 214 3008 fuisse,
228 2967 355 3017 quisunt
364 2970 463 3002 iidem
474 2968 531 3013 ipsi
542 2968 710 3008 Consules,
726 2981 808 3015 quos
820 2971 910 3017 ponit
922 2972 1050 3005 Caffio-

114 3022 209 3055 dorus
224 3031 296 3052 cum
313 3017 423 3051 iisdem
445 3017 549 3051 verbis
567 3016 695 3050 Eusebii
711 3029 762 3050 aur
782 3020 994 3067 Hieronymi,
1014 3025 1045 3055 δε

112 3071 228 3105 eodeni
248 3063 492 3114 prochronisino
510 3078 593 3099 nunc
613 3067 817 3112 Olympiadis
836 3069 943 3107 unius,
965 3082 1048 3104 nunc

112 3117 335 3167 quiniluennii,
343 3126 437 3163 atque
447 3115 513 3147 aliis
525 3114 699 3151 erroribus.
715 3128 782 3164 quae
793 3119 900 3152 omnia
910 3116 965 3152 suo
974 3119 1049 3153 loco

109 3167 348 3202 indicabuntur.

163 3216 247 3251 lbid.
275 3221 363 3248 Rome.
381 3215 440 3258 post
458 3216 565 3248 exastos
582 3216 696 3263 Reges.]
728 3216 829 3251 Unius
844 3218 1048 3265 Olympiadis

105 3265 212 3302 solidae
222 3263 267 3298 est
280 3261 551 3310 prochronismus.
571 3264 757 3311 Aliquando
767 3266 854 3299 unius
866 3268 1047 3316 quinquen·

106 3318 151 3351 nii
161 3315 245 3363 apud
259 3311 423 3350 Offilium,
434 3313 529 3360 idque
540 3312 746 3348 creberrime.

154 3390 218 3415 Mn
231 3395 248 3413 v
264 3392 289 3413 1.
312 3379 466 3422 Romaeposs
475 3373 581 3410 meio,
592 3379 717 3426 Reges.]
731 3379 835 3414 Reete
845 3382 916 3415 Sex.
931 3377 1047 3420 Rufus,

105 3435 123 3467 ὲ
134 3432 242 3477 primis
251 3427 403 3463 Palilibus
417 3449 425 3460 ,
446 3426 484 3458 ad
497 3426 708 3473 Regssiugium
719 3448 728 3463 ,
748 3440 848 3462 annos
862 3441 951 3475 putat
971 3444 992 3465 ς
1008 3444 1047 3465 c-

104 3489 233 3517 xL'lu.
258 3479 344 3512 Hinc
355 3474 410 3509 sub
420 3472 626 3510 Consulibus.
645 3475 683 3508 ad
703 3477 824 3510 caedeni
835 3479 967 3513 Caesaris
980 3504 989 3517 ‚
1008 3482 1040 3511 &

101 3530 224 3565 initium
236 3525 391 3575 Augusti,
414 3535 602 3557 CCCCLXVi
614 3536 642 3557 1.
667 3525 747 3558 Inde
770 3524 826 3559 sub
838 3529 1046 3574 Imperatori-

102 3580 176 3614 bus‚
197 3579 234 3612 ad
250 3573 606 3610 initiumValentiniani
625 3577 711 3621 Aug·
735 3587 910 3612 CCCCVII.
936 3580 1045 3614 Colli-

99 3636 214 3674 guntur
233 3625 250 3660 a
270 3625 377 3672 primis
397 3622 550 3657 Palilibus
569 3645 578 3661 ,
616 3624 654 3656 ad
673 3624 799 3657 initium
824 3626 1043 3662 Valentiniani

98 3681 185 3722 Aug.
196 3670 626 3721 ChristianiffimiPrincipis,
640 3673 716 3707 anni
732 3681 765 3705 M
777 3685 798 3709 c
809 3689 856 3713 xv
870 3687 883 3710 ι
898 3688 926 3713 1.
955 3678 1044 3727 quod

2009 233 2029 259 Q
2056 238 2059 239 γ

1117 270 1326 307 verissimum.
1350 275 1412 308 Sed
1431 274 1484 309 illa
1504 273 1614 309 Palilia
1631 272 1826 324 consurgunt
1848 289 1886 311 ex
1906 290 1989 313 anno
2013 243 2056 319 13

1118 322 1326 368 Olympiadis
1337 336 1388 363 vi,
1402 336 1537 358 minero
1549 323 1732 359 Eusebiano
1751 337 1921 360 MCCLXIV.

1160 372 1246 405 lbid.
1275 373 1373 407 deinde
1394 374 1507 408 Tribuni
1520 375 1637 425 plebis]
1661 376 1736 408 Imo
1754 375 1894 409 Tribuni
1914 376 2060 413 Militum

1115 419 1285 455 Consulari
1295 423 1455 468 potestate
1637 424 1642 430 ¹

1162 470 1246 504 lbid.
1257 482 1289 503 ac
1300 475 1481 522 metatores]
1509 473 1554 507 Hi
1565 486 1630 507 non
1641 474 1822 522 procedunt
1830 475 1862 510 in
1871 483 2053 510 numerum.

1113 521 1195 554 Non
1216 521 1302 554 enim
1313 519 1383 555 sunt
1403 523 1569 556 ordinarii.

1160 568 1244 603 lbid.
1259 572 1293 607 Θ·
1304 571 1412 618 rursum
1425 572 1554 619 Consules
1564 573 1759 618 rempublicam
1768 571 1974 622 obtinuerunt]
1983 572 2062 607 Nu«

1112 630 1203 652 mero
1215 625 1333 654 MDcLl
1343 633 1369 657 i.
1381 622 1513 669 quando
1522 623 1560 655 ad
1573 623 1808 657 conciliandam
1828 637 1899 657 cuin
1911 624 2060 659 Patribus

1112 668 1242 714 plebem
1265 681 1343 703 unus
1357 669 1479 704 Consul
1499 671 1539 704 de
1557 672 1653 718 plebe
1671 683 1795 706 creatus
1818 672 1864 707 cst
1885 671 2060 707 L.Sex'tius

1112 717 1269 758 Sextinus,
1281 720 1406 767 collega
1416 720 1551 766 patricio
1563 724 1601 754 L.
1615 721 1750 754 Aimilio
1761 722 1974 756 Mamercino.

1159 767 1243 800 lbid.
1268 778 1314 813 per
1324 770 1501 814 aiinvsjerme
1520 782 1535 802 c
1548 783 1562 803 c
1576 783 1591 803 c
1604 782 1619 803 c
1633 782 1674 803 Lx
1685 797 1687 801 Α
1699 785 1730 809 v,
1740 772 1822 817 iifique
1831 773 1869 805 ad
1879 773 1984 805 iulium
1996 777 2060 805 Ca·-

1106 816 1230 865 finem]
1255 818 1486 853 Hallucinatio.
1516 820 1605 852 Nam
1623 819 1668 852 illi
1687 832 1866 859 ccchxiv,
1885 821 1924 854 ab
1936 822 2060 867 Olym-

1113 866 1212 912 piadis
1235 877 1251 898 c
1265 877 1364 900 Lxxx
1376 879 1423 901 ιιι
1442 880 1526 901 anno
1537 869 1642 914 primo
1651 879 1738 902 retro
1750 871 1850 915 putati
1870 869 2057 904 desinuntin

1115 916 1222 960 primo
1241 914 1384 950 Consule
1402 918 1523 955 Bruto,
1540 929 1605 950 non
1622 917 1653 950 in
1676 917 1853 952 Consulatu
1873 921 1911 952 L.
1929 917 2057 952 Aimilii

1113 963 1321 1003 Mune-reim,
1347 969 1379 1000 &
1398 967 1438 999 L.
1449 966 1692 999 SextiiSextini.
1718 965 1807 1001 Tota
1824 969 1889 1002 liaec
1900 967 2056 1015 perioche

1111 1013 1156 1047 est
1168 1013 1373 1058 Hieronymi:
1387 1027 1455 1061 quae
1465 1018 1622 1060 repetitur
1633 1014 1818 1061 praefatione
1828 1018 1860 1050 in
1870 1019 2056 1065 Haggaeum

1110 1065 1140 1097 ἃ
1156 1062 1286 1109 quidem
1296 1060 1360 1095 fine
1371 1063 1636 1097 hallucinatione:
1663 1076 1714 1109 quo
1731 1076 1850 1111 tempore
1866 1070 1940 1112 apud
1949 1074 2057 1100 homa-

1109 1123 1155 1145 nos
1167 1111 1297 1156 septimus
1317 1115 1459 1146 aRoniiilo
1476 1114 1609 1157 regnabat
1629 1117 1792 1157 Tarquinius
1803 1116 2056 1161 Superbusdiabens

1110 1170 1214 1194 annum
1224 1161 1331 1203 imperii
1345 1161 1504 1206 vigesimum
1516 1161 1680 1207 septimum,
1695 1166 1742 1207 qui
1754 1168 1814 1208 post
1832 1176 1916 1199 annos
1933 1168 1991 1199 otio
2001 1176 2056 1198 ex—

1107 1209 1199 1255 pulsus
1210 1211 1250 1242 eft
1259 1208 1277 1241 d
1286 1214 1383 1249 Bruto,
1395 1222 1427 1243 ac
1443 1211 1540 1244 deinde
1549 1215 1753 1256 Rempublimm
1765 1223 1814 1257 per
1822 1226 1906 1247 aimus
1916 1216 2056 1259 quadrin-

1105 1268 1204 1303 gentos
1213 1257 1366 1303 sexaginta
1375 1269 1505 1303 quatuor,
1513 1260 1596 1306 usque
1605 1262 1642 1293 ad
1651 1263 1751 1294 lulium
1763 1263 1911 1308 cesarem,
1924 1263 2056 1310 consides

1109 1307 1390 1352 adiiiinilti¹aiieruiit.
1414 1309 1502 1342 Nam
1519 1309 1565 1341 illi
1583 1322 1599 1342 c
1610 1321 1625 1342 c
1638 1321 1653 1343 c
1666 1322 1680 1343 c
1693 1322 1775 1345 inv
1794 1312 1868 1344 anni
1883 1311 1928 1345 ibi
1937 1311 2054 1346 reete&

1110 1355 1201 1390 Bruti
1213 1355 1390 1390 Consulatu
1401 1369 1620 1391 numerantur.

1157 1415 1232 1438 mov
1242 1417 1273 1439 11
1285 1418 1293 1439 i
1304 1429 1312 1437 .
1338 1413 1422 1441 Mare
1436 1409 1611 1441 obtinuerunt
1622 1409 1767 1453 Aeginetae.
1777 1420 1843 1443 ami.
1854 1422 1873 1443 x
1881 1422 1912 1443 x.
1923 1410 2054 1457 usquead

1108 1455 1254 1501 transitum
1272 1459 1369 1489 Xerxu
1393 1456 1408 1495 ]
1434 1457 1499 1490 Hic
1519 1457 1563 1491 est
1584 1469 1680 1491 annus
1699 1470 1825 1503 quartus
1845 1459 2056 1507 Olympiadis

1110 1516 1229 1538 van.
1259 1505 1386 1551 Viginti
1403 1507 1475 1539 anni
1489 1506 1559 1540 sunt
1579 1508 1722 1555 quinque
1740 1519 1865 1542 tantum
1879 1508 2056 1555 Olympia-

1110 1553 1255 1600 des-quae
1265 1554 1304 1588 ad
1323 1566 1426 1588 van
1447 1555 1598 1603 appolitae
1616 1556 1737 1590 dabunt
1749 1554 1984 1605 Olympiadem
2002 1556 2058 1591 se-

1109 1602 1342 1650 ptuagesimam
1360 1602 1583 1639 secundarium
1603 1618 1664 1653 qua
1688 1608 1761 1640 iane
1780 1606 1926 1641 transitus
1935 1606 2057 1641 Xerxis

1109 1664 1175 1685 non
1187 1653 1345 1701 contigit,
1362 1651 1418 1688 sed
1438 1666 1468 1687 in
1489 1656 1594 1701 primo
1610 1668 1694 1688 anno
1706 1656 1842 1703 Olynip.
1861 1668 1959 1691 Lxxv.
1986 1658 2057 1690 lta-

1111 1714 1175 1750 que
1186 1703 1355 1750 nugatoria
1374 1703 1443 1738 sunt
1461 1704 1545 1744 haec,
1566 1710 1596 1740 &
1611 1716 1648 1738 ex
1659 1705 1786 1739 Graecis
1807 1715 1999 1754 arguuntur,
2017 1705 2053 1740 in

1110 1759 1223 1806 quibus
1242 1760 1361 1807 legitur
1377 1769 1523 1796 tantuin:
1563 1759 1722 1807 Λιγινῆπᾳ
1749 1755 2054 1808 ἓῖαλκοεοκϋίτη-

1111 1808 1177 1859 ζαν
1191 1808 1249 1856 ἔτη
1269 1810 1303 1849 T.

1151 1880 1222 1898 unx.
1247 1865 1371 1900 Valerius
1380 1866 1550 1916 Publicola]
1559 1866 1779 1913 Hieronymus
1789 1878 1827 1901 ex
1837 1866 1980 1902 Historia
1989 1867 2057 1900 La-

1109 1912 1194 1946 tina.
1235 1913 1298 1947 Sed
1316 1913 1363 1947 est
1380 1912 1520 1949 solennis
1536 1913 1798 1962 procl-ironisinus
1818 1916 2054 1963 quinquennii.

1110 1961 1207 1997 Obiit
1225 1963 1313 1996 enim
1325 1964 1472 1997 Valerius
1483 1964 1652 1999 Poblicola
1672 1969 1707 1999 Ρ.
1722 1965 1889 1999 Postumio
1899 1965 2054 1999 Tuberto

1114 2023 1166 2050 11,
1177 2012 1324 2060 Agrippa
1334 2012 1490 2048 Menenio
1502 2016 1627 2048 Lanato
1638 2012 1728 2047 Coss‘.
1736 2026 1871 2047 numero
1879 2027 1972 2046 Mnxv.

1155 2075 1235 2094 unxi
1246 2076 1254 2093 1
1265 2076 1288 2093 1.
1312 2063 1402 2108 Cenfii
1412 2069 1500 2097 Romae
1509 2065 1737 2109 agitatoi‘nrenta
1748 2063 1814 2109 stim
1823 2065 1964 2097 hommum
1973 2075 1990 2097 c
2001 2075 2020 2097 x
2030 2075 2053 2097 x

1099 2114 1206 2150 'millu
1222 2118 1238 2165 ]
1265 2118 1429 2163 Numer-us
1447 2119 1597 2166 congruit
1612 2131 1684 2152 cum
1704 2118 1848 2158 Graecis,
1872 2109 2054 2164 Μυμὰὃες

1105 2166 1138 2212 ἷβ
1152 2170 1200 2206 τὲ
1218 2167 1362 2223 pavidare,
1396 2175 1460 2209 Sed
1480 2174 1654 2223 Dionysius
1673 2185 1732 2208 una
1749 2175 1896 2221 myriade
1913 2175 2054 2222 amplius

1108 2231 1208 2254 cxxx
1229 2222 1341 2255 millia.
1558 2260 1562 2264 ,

1144 2282 1243 2301 Mvax
1255 2284 1276 2301 ι.
1288 2273 1446 2307 Hellanicus
1456 2273 1685 2321 historiographus
1700 2272 1963 2321 ]Hellanicus‚ut
1972 2273 2052 2308 scri-

1107 2316 1153 2349 bir
1162 2321 1329 2365 Pamphila
1339 2323 1423 2368 apud
1434 2324 1691 2363 Gelliuni‚initio
1704 2321 1781 2356 belli
1792 2323 2049 2371 Peloponnesia-

1105 2366 1146 2403 ci,
1159 2367 1190 2400 id
1203 2368 1247 2402 est
1258 2380 1343 2403 anno
1354 2371 1492 2408 secundo
1504 2373 1641 2419 Olyfnip.
1655 2384 1767 2404 Lxxxvx
1779 2388 1802 2410 ι,
1814 2384 1881 2407 erat
1890 2385 2049 2407 annorum

1107 2428 1174 2447 va-
1202 2419 1308 2452 Natus
1327 2420 1424 2467 igitur
1439 2435 1525 2456 anno
1542 2422 1682 2457 secundo
1701 2423 1942 2469 Olympum,
1957 2423 2052 2456 annis

1106 2475 1141 2496 x1
1149 2477 1164 2498 v
1181 2477 1255 2500 ante
1266 2470 1380 2504 Xerxis
1390 2472 1565 2506 transitum.
1575 2472 1638 2506 l-lic
1651 2484 1729 2506 vero
1739 2472 1853 2505 dicitur
1862 2470 1981 2506 florere
1993 2472 2050 2508 Ο-

1104 2512 1203 2561 lymp.
1224 2531 1312 2556 Lxx,
1329 2522 1419 2555 annis
1441 2536 1458 2555 v
1477 2532 1550 2555 ante
1565 2521 1629 2565 ejus
1640 2521 1790 2555 natalem.
1981 2548 1983 2552 .

1145 2577 1166 2594 Μ
1178 2580 1220 2596 ¹³³<
1230 2581 1257 2597 x.
1281 2573 1365 2618 Volsii'
1384 2573 1505 2605 Coriolos
1522 2572 1734 2616 perdideriint.]
1760 2570 1889 2604 Accidit
1899 2576 2015 2606 nurne-
2025 2577 2053 2597 ‘⁶

1103 2624 1140 2647 ΥΟ
1157 2630 1175 2646 D
1185 2629 1200 2646 Χ
1212 2630 1229 2647 λ’
1239 2630 1267 2650 v·
1296 2618 1560 2655 Prochronisinus
1575 2620 1798 2668 quinquennii.
1825 2621 1913 2655 Vide
1927 2619 2009 2654 infra
2022 2629 2050 2647 (ἕ

1104 2680 1126 2700 Μ
1137 2682 1154 2698 D
1164 2677 1182 2695 x
1192 2678 1209 2695 X
1224 2679 1233 2695 l
1248 2680 1274 2697 V.
2024 2678 2052 2695 ‘G

1137 2730 1159 2748 Μ
1171 2730 1188 2747 υ
1200 2729 1217 2746 x
1228 2729 1245 2746 x
1261 2729 1282 2746 ¹-
1306 2718 1449 2764 Aeftbylus
1469 2719 1679 2763 Tragoedi'iirum
1690 2717 1807 2764 ftrrptor
1815 2718 1998 2764 agnoscitur]
2007 2721 2048 2753 In

1105 2772 1169 2805 vita
1178 2769 1331 2818 AEschyli:
1366 2767 1504 2815 repudii,-
1525 2763 1611 2812 aaa&
1642 2767 1668 2792 ³*
1700 2767 1764 2805 7·ch
1785 2767 2048 2817 παι-αὔωωςίαἲ

1107 2826 1319 2880 ολυμαηρίδα.
1345 2827 1760 2875 Proculdubiolegendum,
1782 2820 1868 2864 κσιἹοὶ
1885 2823 1948 2861 *xiib
1965 2823 2048 2877 ἐξα.-

1108 2886 1218 2931 mela)
1229 2878 1451 2937 ολυμγηοίδοι.
1475 2887 1572 2922 Obiit
1581 2887 1665 2920 enim
1677 2885 1795 2919 eodeni
1807 2897 1970 2933 tempore,
1981 2899 2048 2935 quo

1105 2943 1232 2977 Hieron
1242 2942 1365 2974 AEtnam
1384 2936 1497 2970 urbem
1516 2935 1697 2972 condebat,
1716 2947 1800 2969 anno
1812 2935 1917 2982 primo
1928 2937 2052 2983 Olym—-

1105 2991 1205 3039 piaclis
1219 3003 1302 3024 Lxxv
1312 3003 1317 3022 i
1327 2996 1431 3027 ‚natus
1441 2997 1540 3019 annos
1552 2997 1629 3022 va,
1641 2994 1673 3017 ut
1684 2983 1770 3018 est'in
1781 2985 1848 3029 ejus
1858 2986 1933 3018 vita.
1946 2987 2052 3033 Qun

1104 3054 1140 3075 re
1161 3039 1304 3087 praesenti
1319 3050 1404 3072 anno
1418 3045 1485 3070 erat
1505 3045 1594 3068 natus
1611 3046 1711 3067 annos
1725 3046 1826 3072 κων,
1844 3045 1971 3069 authv
1983 3060 1992 3076 ,
2011 3037 2048 3069 δε
2097 3043 2101 3048 ’

1104 3091 1136 3123 in
1159 3088 1365 3124 Marathonia
1383 3097 1487 3133 pugna
1514 3082 1642 3117 fortiter
1666 3094 1738 3116 cuin
1760 3082 1852 3117 hoste
1879 3084 2049 3130 pugnavit.

1103 3139 1167 3173 Sed
1187 3138 1355 3172 ridiculum
1374 3147 1447 3169 eum
1467 3132 1578 3166 obiisse
1596 3144 1681 3165 anno
1707 3145 1716 3165 1
1741 3133 1879 3179 Olyinp.
1893 3144 2052 3169 Lxxv1.·=

1105 3190 1194 3222 Nam
1205 3199 1291 3220 anno
1302 3199 1351 3220 ιν.
1366 3182 1466 3228 ejusd.
1478 3182 1683 3228 Olympiadis
1696 3181 1803 3215 docuit
1814 3184 1923 3216 Persas
1934 3185 2010 3217 Me-
2024 3190 2050 3208 “

1102 3249 1188 3271 none
1200 3247 1347 3282 praetore.
1373 3237 1455 3267 Item
1473 3244 1558 3265 anno
1577 3243 1609 3264 11
1627 3231 1766 3277 Olymp.
1788 3243 1890 3268 xxxx
1904 3233 2048 3267 docuit“

1101 3289 1362 3334 Agamemnona,
1374 3282 1576 3327 clioepliorus
1587 3279 1709 3318 Persas,
1721 3284 1783 3316 &c.
2021 3289 2048 3307 κ

1149 3343 1266 3368 Mnxxi
1276 3347 1300 3369 ι,
1329 3334 1422 3366 Latini
1433 3340 1528 3364 contra
1538 3337 1670 3363 Romanos
1679 3332 1911 3381 rebellaverunt]
1936 3336 2048 3380 Pugna

1102 3385 1254 3417 adlacum
1266 3382 1444 3429 Regillum>
1455 3380 1486 3412 in
1499 3392 1559 3427 qua
1578 3379 1652 3412 visti
1671 3379 1867 3418 suntLatini,
1880 3378 2049 3415 commissa

1102 3432 1159 3467 suit
1170 3439 1213 3468 A.
1225 3431 1390 3468 Postumio
1402 3429 1538 3466 Albino,
1552 3430 1597 3462 T.
1612 3428 1769 3476 Verginio
1780 3430 1935 3465 Tricosto
1946 3428 2047 3465 Coss.

1102 3483 1163 3516 hoc
1174 3481 1242 3529 ipso
1251 3494 1348 3518 anno,
1361 3491 1456 3527 quem
1466 3488 1555 3512 notat
1567 3474 1733 3512 Eusebius.

1150 3539 1183 3563 M
1196 3544 1218 3565 1)
1233 3543 1314 3564 xxii
1328 3543 1352 3563 i.
1375 3536 1461 3562 Roniae
1476 3529 1587 3573 populiis
1604 3525 1622 3561 ιὶ
1633 3529 1761 3562 Patribus
1764 3527 1846 3572 facia
1858 3529 1992 3577 seditione
2003 3530 2049 3563 di«

1096 3582 1211 3629 fredit]
1223 3580 1277 3615 Est
1292 3577 1550 3626 prochroniimus
1562 3576 1651 3610 unius
1662 3577 1737 3610 anni
1750 3589 1882 3626 propter
1892 3578 2045 3613 differen-

1101 3630 1176 3664 tiam
1199 3631 1343 3665 Paliliuni
1365 3627 1536 3665 Varronis,
1545 3629 1599 3672 ⁵&-
1613 3627 1750 3660 Catonis
1761 3654 1769 3663 .
1800 3629 1930 3662 Accidit
1949 3627 2038 3658 enim

1100 3692 1185 3716 anno
1199 3677 1352 3729 sequente
1363 3684 1521 3718 Moxxiv,
1537 3681 1578 3709 A.
1592 3677 1754 3725 Verginio
1765 3677 1920 3713 Tricosto
1939 3674 2040 3707 Caeli-

1539 3731 1569 3760 N
1600 3737 1617 3759 2
1909 3732 2037 3758 monta-
