2366 4040
2318 0 2352 59 ’.ἰή

378 231 460 314 ’5η
640 232 1970 304 >eiiNoNi'rMIsaeo<;Ie(>'1i<vivi

394 321 580 376 Darna-s
598 340 693 370 ·r1A
737 342 795 368 As
813 337 1131 370 srnmiva,
1167 335 1465 378 nosTQAM
1499 336 1528 362 A
1562 325 1729 362 Murus
1773 319 2271 382 DEssECERVNT.]1n-

448 401 541 443 gens
551 387 642 427 illud
654 384 883 439 Affyriorum
894 386 1113 437 imperium,
1135 380 1242 435 quod
1253 378 1590 435 integruminuasit
1607 386 1644 418 δέ
1657 391 1798 419 tutatus
1811 378 1863 417 est
1881 379 2047 417 Arbaces
2058 406 2069 423 ,
2091 383 2273 422 inmultas

448 446 601 484 lacinias
610 442 673 481 sub
683 440 839 479 Arbacis
850 437 1113 479 succeflbribus
1123 437 1353 492 discerptum
1361 436 1422 476 est:
1434 435 1541 490 quod
1548 434 1743 491 perspicue
1750 435 1868 475 docet
1875 433 2033 474 Orosius
2046 434 2142 474 libro
2150 434 2174 469 ‘1
2189 451 2271 492 cap,

417 500 422 503 “
448 507 502 536 ‘ac-15<
512 531 521 539 .
551 502 647 538 Exin
657 511 778 551 regum
787 494 1001 549 Afflriorum
1010 498 1199 551 imperium
1208 497 1247 533 in
1260 494 1387 534 Medos
1398 492 1569 548 concfft.
1589 491 1975 548 deindemultbspraelq's
1982 490 2271 546 undiquefiaten-

449 555 557 598 tibus,
570 569 639 609 qua
645 566 713 608 per
722 552 881 591 ordinem
889 551 1047 605 dtffi‘rere
1054 565 1276 606 nequaquam
1283 561 1407 606 aptum
1419 549 1544 604 estsper
1551 553 1868 604 variosprouentm
1875 548 1923 586 ad
1933 545 2077 600 Scythas
2092 547 2276 601 chaldeos-

448 627 525 668 que,
534 609 578 654 ὠ
598 608 716 661 rursus
725 608 773 647 ad
781 608 908 647 Medos
912 609 1026 664 parili
1039 611 1104 646 via
1117 608 1241 660 redq't.
1274 607 1352 645 Sub
1365 607 1506 659 Artyca
1518 609 1621 644 enim
1632 603 1911 646 Nabonassarus
1924 603 2082 651 aMedis
2096 602 2274 644 deficiens

448 679 592 705 nouam
605 665 809 718 dynastiam
821 669 859 702 in
871 664 1074 718 Babylonia
1087 663 1280 705 condidit,
1303 668 1341 700 &
1359 660 1602 700 salmanassar
1614 676 1681 700 rex
1702 660 1931 715 Assyriorum
1949 659 2085 700 decem
2105 661 2221 700 tribus
2234 665 2274 700 in

446 722 620 762 Mediam
633 720 850 776 deportaiiit
860 717 878 758 .’
904 719 1041 760 Rursus
1050 718 1114 758 sub
1124 719 1291 758 Arbiane
1300 717 1557 757 Sennacherib
1565 732 1630 757 rex
1641 716 1871 772 Assyriorum
1885 731 1906 756 a
1918 716 1998 766 filijs
2011 716 2208 756 occiditur.
2222 721 2274 756 ita

446 791 489 817 ut
497 777 624 817 Medis
636 777 908 831 imperantibus
922 791 1002 815 non
1017 775 1134 815 solum
1153 773 1335 829 Assyriam
1348 775 1406 825 alij>
1429 772 1651 819 inuaserint,
1671 774 1732 813 sed
1745 777 1858 813 etiam
1871 785 2019 828 partem
2037 772 2180 812 Mediae
2197 777 2274 812 iam

447 846 530 873 tum
553 832 794 873 Salmanassai·
813 834 1006 872 obtineret
1017 860 1028 876 ,
1049 846 1169 885 quum
1186 835 1227 869 in
1247 846 1305 871 eas
1323 835 1498 885 regiones
1514 830 1652 871 decem
1667 830 1806 869 Tribus
1828 830 2061 885 deportauit.
2091 829 2274 869 Praeterea

446 889 576 933 Esaias,
587 893 651 943 qui
664 889 727 927 sub
739 888 911 928 Sosarmo
926 892 967 922 {ff
982 888 1191 928 Medorum
1203 901 1291 941 rege
1300 887 1531 943 prophetare
1546 891 1668 942 caepit,
1685 891 1758 927 ἧι,
1780 884 1928 940 Assyria:
1942 889 2098 925 exitium
2108 889 2275 924 minatur

446 961 467 985 a
480 945 622 985 Medis.
653 947 749 985 Non
762 959 853 999 ergo
867 944 1012 999 semper
1021 943 1150 999 Assyrij
1159 944 1285 992 Medis
1294 956 1518 999 paruerunt:
1544 942 1605 982 sed
1615 971 1626 988 ,
1650 942 1757 997 quod
1767 947 1844 982 iam
1851 943 2023 983 diximus,
2045 941 2214 981 Chaldaei
2227 937 2273 980 ab

443 1002 528 1057 ipsis
541 1016 623 1041 non
638 1001 750 1041 semel
766 1001 1005 1044 defecerunt,
1032 1007 1070 1040 &
1083 1000 1200 1040 rursus
1214 1001 1323 1040 Medi
1345 1014 1479 1040 eorum
1489 999 1736 1039 rebellionem
1751 1000 1818 1039 ulti
1832 1001 1931 1037 sunt.
1957 1002 2062 1052 quoti
2076 1011 2154 1036 tam
2167 1010 2272 1036 certo

445 1058 602 1101 constat,
619 1071 659 1097 ut
670 1072 715 1096 ex
728 1072 773 1096 eo
783 1057 890 1096 Esaia:
902 1059 1002 1102 loco,
1017 1062 1053 1096 &
1061 1072 1106 1097 ex
1113 1057 1234 1098 verbis
1245 1057 1372 1107 Orosij
1383 1057 1496 1112 paulo
1504 1069 1592 1096 ante
1599 1055 1791 1112 produffis
1801 1057 1927 1109 colligi
1934 1054 2057 1109 poffit,
2070 1057 2275 1108 imperium

443 1113 655 1153 Medorum
664 1119 763 1153 varia
779 1114 1029 1153 rebellionum
1039 1119 1077 1152 δε
1087 1113 1346 1153 defeffionum
1358 1114 1512 1154 fortuna
1529 1117 1713 1168 agitatum
1727 1110 1846 1151 fuisse.
1878 1113 1993 1165 Qin
2003 1116 2205 1150 etiamnon
2217 1108 2272 1149 so-

441 1171 522 1210 lum
534 1169 598 1209 sub
610 1172 750 1224 Artyca
760 1169 1167 1210 Nabuchodonosorus
1180 1185 1201 1208 a
1212 1171 1339 1210 Medis
1350 1169 1500 1213 defecit,
1523 1169 1587 1209 sed
1596 1174 1711 1209 etiam
1722 1167 1786 1207 sub
1799 1169 1923 1222 Panya
1937 1171 2024 1203 ῐκΤιιι
2047 1166 2276 1220 Assyriorum

441 1241 531 1281 rege
545 1226 715 1266 Chaldaei
727 1227 970 1266 Phoeuicibus
986 1227 1127 1266 bellum
1137 1227 1364 1270 intulerunt,
1383 1241 1467 1266 non
1487 1224 1638 1271 fasturi,
1658 1224 1843 1280 siquidem
1857 1222 2089 1278 Assyriorum
2111 1227 2274 1277 imperio

441 1281 592 1322 subieffi
605 1281 772 1322 fuissent.
803 1284 941 1337 Qare
953 1282 1045 1323 illud
1056 1271 1261 1338 imperium
1272 1284 1403 1322 clarius
1417 1283 1469 1322 est
1478 1286 1626 1337 origine
1641 1288 1678 1320 δέ
1690 1281 1872 1322 vetustate
1887 1279 2087 1333 sua;'quam
2099 1279 2276 1334 amplitu-

443 1339 506 1378 din
512 1354 544 1383 e,
564 1354 678 1393 quam
690 1353 771 1378 non
783 1339 1123 1394 sempcrintegram
1132 1344 1389 1394 perpetuauit:
1410 1353 1493 1393 quae
1501 1343 1610 1378 initio
1621 1338 1779 1392 quidem
1787 1335 1970 1376 immensa
1979 1337 2060 1380 fuit,
2069 1335 2199 1390 postea
2208 1348 2277 1389 per

441 1395 673 1434 subditarum
682 1400 883 1434 nationum
892 1396 1122 1435 defectiones
1136 1401 1176 1434 in
1187 1397 1325 1435 multas
1339 1396 1440 1449 quasi
1450 1396 1601 1434 lacinias
1610 1393 1796 1434 diuulsum
1810 1394 1872 1436 est,
1885 1392 2032 1445 regibus
2045 1389 2277 1443 Assyriorum

441 1455 480 1490 in
492 1452 620 1490 luxum
633 1450 770 1494 solutis,
782 1457 818 1488 &
829 1452 977 1502 quiduis
985 1455 1126 1500 potius,
1135 1460 1251 1499 quam
1260 1460 1372 1487 arma,
1385 1452 1422 1482 &
1432 1447 1586 1482 salutem
1596 1449 1701 1497 regni
1714 1445 1764 1482 sui
1775 1446 2047 1483 meditantibus
2057 1475 2065 1482 .
2094 1445 2277 1498 Denique

442 1507 466 1544 si
477 1507 611 1545 Ctesiae
625 1506 823 1546 credimus,
834 1507 984 1544 vivente
996 1500 1263 1553 Sardanapalo,
1279 1501 1368 1537 alius
1380 1513 1443 1537 rex
1451 1503 1490 1536 in
1501 1499 1593 1536 urbe
1604 1500 1713 1537 Nino
1723 1499 1905 1551 regnabat
1914 1528 1922 1536 .
1954 1500 2160 1537 Athenaeus
2171 1505 2276 1539 enim

440 1562 539 1600 libro*
551 1569 598 1596 ii?
613 1561 693 1599 haec
705 1556 890 1598 ethefia
900 1557 1012 1595 refert
1025 1556 1072 1594 de
1090 1555 1365 1607 Sardanapalo:
1386 1558 1447 1595 τὲς
1464 1551 1521 1606 903?
1544 1555 1629 1602 ηνέἴς
1652 1553 1728 1601 ἠούς
1738 1579 1748 1593 ,
1769 1552 1824 1600 χρὴ
1838 1549 1893 1591 δύο
1917 1553 2113 1604 θυροιτέρρις,
2134 1558 2210 1607 ὁρῶν
2231 1559 2276 1594 πὶ

440 1611 639 1667 wffy'ypeoeffio
651 1616 849 1664 κακέμενοι,
866 1610 1091 1664 ’γι-ξοπῑπίμφει
1101 1612 1132 1653 ἐς
1141 1609 1231 1649 Νὲνον
1245 1608 1329 1659 περὶ
1343 1607 1389 1647 viv
1403 1607 1655 1655 ἐκεῖβαιστλέοο,
1675 1613 1753 1647 &c.
1786 1608 1955 1648 Ctesiam
1968 1610 2111 1649 secutus
2121 1612 2274 1652 DiodO-

438 1687 498 1711 rus
515 1670 808 1723 Sardanapalum
822 1668 923 1710 alibi,
951 1670 1112 1720 quamin
1121 1666 1214 1704 urbe
1224 1665 1333 1705 Nino
1342 1663 1487 1719 perijsse
1497 1663 1640 1704 scribit.
1674 1665 1809 1710 Primi,
1830 1677 1873 1706 ut
1885 1665 1995 1704 nobis
2009 1666 2167 1710 videtur,
2181 1672 2272 1723 iugo

437 1727 647 1766 Medorum
658 1722 807 1764 excusso
819 1723 963 1778 pristini
974 1725 1080 1778 regni
1088 1726 1143 1761 ius
1151 1719 1379 1761 asseruerunt
1389 1719 1533 1775 Assyrij,
1544 1734 1709 1774 quorum
1721 1725 1892 1775 quinque
1905 1733 2055 1760 tantum
2070 1723 2194 1777 Reges
2201 1738 2275 1764 no-

439 1784 493 1823 bis
509 1781 757 1821 subministrat
770 1780 869 1819 sacra
883 1779 1052 1820 historia,
1070 1783 1110 1817 in
1123 1778 1258 1832 quibus
1277 1782 1390 1817 etiam
1405 1777 1678 1817 Sennacheribi
1696 1782 1873 1816 meminit
1887 1778 2132 1823 Herodotus,
2150 1792 2273 1833 'quem

437 1840 609 1880 Arabum
623 1852 752 1893 regem
763 1849 893 1881 vocat,
913 1840 1010 1890 quia,
1025 1846 1067 1875 ut
1079 1848 1276 1890 putamus,
1296 1834 1439 1873 Arabes
1454 1834 1833 1887 ScenitaeBabylonijs
1846 1833 2013 1879 finitimi,
2022 1849 2116 1890 gens
2127 1840 2222 1876 acris
2236 1843 2274 1876 &

437 1895 725 1947 strenua‚Medis
739 1897 858 1932 iamin
872 1894 1002 1932 luxum
1013 1898 1049 1931 &
1060 1893 1275 1932 molliorem
1286 1895 1403 1931 vitam
1411 1889 1550 1935 solutis,
1563 1890 1738 1931 videntur
1747 1889 1980 1945 Assyriorum
1988 1890 2081 1930 fines
2092 1891 2272 1938 inuasisse,

438 1952 596 1991 &inillis
607 1951 768 2006 regnum
781 1947 980 1990 obtinuisse
991 1978 999 1987 .
1030 1948 1208 1988 Secundo
1223 1948 1415 2000 Babylonij
1435 1943 1780 1987 rebellarunt'annis
1794 1955 1887 1983 cxxvi
1901 1948 1947 1986 ab
1959 1951 2076 1987 exitio
2089 1949 2270 1988 Sardana-

435 2009 511 2064 pali
519 2035 531 2054 ,
550 2008 647 2048 duce
657 2005 919 2047 Nabouassaro
929 2034 939 2051 ,
955 2020 976 2045 a
989 2009 1092 2046 cuius
1102 2009 1211 2045 initio
1225 2019 1360 2044 omnes
1370 2016 1550 2044 motuum
1559 2004 1758 2044 caelestium
1772 2008 1936 2043 rationes
1949 2003 2209 2048 deducuntur,
2230 2018 2273 2046 ut
2329 2025 2340 2029 Α

435 2066 581 2104 nullum
591 2061 834 2104 vetustiorem
848 2076 1068 2118 temporum
1081 2063 1232 2102 titulum
1243 2065 1396 2101 nouerit
1408 2062 1655 2100 astronomia.
1689 2061 1787 2101 Non
1800 2065 1903 2100 enim
1915 2062 1980 2100 sub
1996 2062 2140 2100 Arbace
2153 2063 2271 2116 Baby-

434 2122 526 2172 loni)
541 2121 777 2164 rebellarunt,
789 2133 829 2159 ut
842 2117 1142 2159 comminiscitur
1153 2118 1309 2159 Orosius
1322 2118 1385 2157 lib.
1403 2123 1443 2161 1'1,
1466 2132 1547 2173 cap.
1563 2123 1586 2152 1'1
1595 2148 1603 2156 .
1632 2118 1840 2170 Discedente
1851 2130 1970 2157 antem
1987 2116 2122 2156 Arbace
2135 2122 2177 2156 in
2187 2127 2273 2157 Me-

433 2179 493 2216 dos
501 2208 510 2220 ,
524 2189 666 2231 partem
677 2181 776 2232 regni
780 2190 886 2232 penes
886 2176 928 2229 β)
938 2180 1116 2216 retinuere
1129 2174 1285 2215 Chaldaei
1293 2203 1304 2220 ,
1322 2178 1385 2230 qui
1393 2173 1622 2230 Babyloniam
1624 2173 1698 2226 fibi
1703 2174 1867 2226 aduersus
1881 2174 2009 2214 Medos
2019 2173 2270 2216 vindicaruat⁴

437 2233 511 2272 Sed
524 2232 669 2271 fallitur.
688 2234 833 2271 Primus
844 2237 948 2272 enim
959 2231 1238 2272 Nabonassarus
1254 2225 1394 2272 defecit
1406 2246 1428 2271 a
1440 2230 1577 2274 Medis,
1595 2237 1631 2270 &
1641 2245 1789 2271 nouum
1801 2236 2005 2286 imperium
2014 2235 2050 2268 in
2063 2230 2268 2283 Babylonia

437 2287 611 2328 condidit
620 2318 628 2325 .
659 2287 746 2328 Post
754 2287 1058 2327 Nabonassarum
1072 2289 1162 2328 illud
1175 2293 1307 2342 ingens
1321 2292 1525 2343 imperium
1533 2287 1683 2327 diuersis
1693 2288 1848 2333 casibus,
1856 2291 2078 2341 interregnis
2087 2315 2096 2327 ,
2118 2288 2266 2323 latroci-

434 2347 503 2393 nijs
513 2373 521 2386 ,
547 2356 794 2396 tyrannorum
805 2341 1057 2380 inuasionibus
1070 2343 1292 2381 concussum
1305 2344 1509 2383 tandemin
1522 2344 1853 2396 potestatem‘Cyri
1869 2347 1973 2382 venit
1982 2345 1996 2378 .’
2021 2341 2162 2378 Seriem
2175 2354 2267 2380 vero

434 2413 567 2454 regum
582 2414 602 2437 a
614 2395 889 2441 Nabonass'aro,
899 2397 946 2436 ad
961 2398 1106 2450 Cyrum
1115 2396 1241 2450 usque,
1251 2411 1368 2450 quam
1380 2398 1443 2435 hic
1454 2397 1587 2436 damus
1597 2424 1608 2440 ,
1631 2401 1897 2450 imperitorum
1910 2396 2066 2435 audacia
2078 2399 2268 2435 contami-

435 2468 563 2494 natam
573 2469 617 2493 ex
632 2453 840 2492 Ptolemaeo
851 2457 999 2506 partim,
1018 2456 1159 2506 partim
1170 2457 1284 2490 etiam
1299 2467 1320 2489 a
1332 2454 1548 2489 coniectura
1560 2451 1798 2488 restituimus.
1878 2462 1880 2464 ’

375 2519 386 2547 ῑ
425 2509 724 2563 Qabonaffizrus]
757 2509 881 2546 Huius
894 2506 1143 2546 Nabonaffari
1160 2509 1308 2543 mentio
1326 2503 1429 2557 apud
1439 2516 1559 2541 unum
1572 2502 1822 2543 Ptolemaeum
1832 2517 1951 2546 extat,
1968 2519 2039 2560 pro
2051 2519 2128 2560 quo
2143 2507 2267 2546 Arabs

431 2569 614 2620 interpres
628 2563 852 2618 ineptissime
865 2559 1297 2602 Nabuchodonosorum
1306 2563 1434 2599 vertit.
1466 2558 1619 2612 Absque
1627 2559 1835 2600 Ptolemaeo
1849 2562 1959 2601 foret,
1982 2567 2144 2615 perierat
2155 2564 2265 2602 huius

432 2627 527 2673 regis
536 2625 737 2660 memoria,
757 2618 823 2657 nifi
831 2618 1070 2672 quodobiter
1078 2621 1154 2657 eius
1166 2629 1355 2655 annorum
1368 2618 1546 2654 meminit
1567 2614 1797 2654 Censorinus
1810 2647 1818 2654 .
1855 2617 2135 2657 successionem
2154 2619 2264 2658 huius

431 2666 592 2733 iniperij,
601 2675 715 2730 usque
725 2675 772 2714 ad
781 2677 937 2727 Cyrum,
948 2688 1052 2713 nunc
1064 2678 1231 2730 primum
1240 2672 1487 2727 publicamus.
1510 2671 1712 2710 ‘Haesenus
1724 2676 1826 2710 enim
1837 2687 1880 2711 ea
1890 2676 2063 2727 ignorata
2074 2673 2206 2713 fuerat.
2267 2672 2274 2678 ⁸

373 2751 393 2772 v
422 2732 780 2788 Alardokempadas]
814 2732 934 2770 Hunc
943 2730 1014 2769 esse
1028 2730 1212 2773 eundem,
1231 2742 1347 2783 quem
1364 2726 1579 2767 Merodach
1598 2727 1775 2782 scriptura
1792 2741 1920 2772 vocat,
1942 2729 2028 2768 alibi
2040 2744 2061 2769 a
2072 2731 2184 2770 nobis
2199 2730 2265 2770 de-

402 2832 405 2835 ,
430 2791 682 2830 monstratum
694 2788 746 2828 est
758 2818 766 2826 .
798 2787 926 2826 Primo
941 2792 977 2825 δε
986 2785 1150 2826 secundo
1159 2786 1268 2824 huius
1281 2798 1383 2823 anno
1397 2784 1506 2823 Luna
1517 2782 1656 2822 defecit
1665 2813 1674 2827 ,
1698 2796 1741 2824 ut
1751 2798 1796 2824 ex
1809 2784 2130 2826 obseruationibus
2143 2787 2260 2826 Chal-

432 2848 601 2886 daeorum
612 2844 858 2899 Hipparchus
872 2872 882 2887 ,
903 2843 1033 2897 &post
1045 2857 1133 2882 eum
1150 2842 1393 2883 Ptolemaeus,
1420 2852 1622 2879 notarunt.
1655 2842 1774 2880 Anno
1794 2847 1864 2877 ῐιῒῡ
1879 2841 2025 2881 Ezekiae
2041 2843 2141 2886 iusti,
2165 2847 2262 2896 regis

433 2904 542 2946 Iuda,
563 2900 914 2954 Mardokempadus
926 2900 1068 2953 legatos
1082 2897 1427 2951 mifitIerosolyma,
1449 2901 1513 2950 qui
1523 2900 1842 2951 erateiusimperij
1854 2895 2049 2952 septimus,
2067 2898 2262 2952 &periodi

433 2960 581 2999 Iulianae
598 2971 613 3007 3
618 2973 641 3002 9
645 2973 668 3003 9
673 2972 695 3002 9
706 2985 716 3001 ‚
735 2970 837 2995 anno
851 2960 977 3010 primo
990 2953 1257 2995 Hebdomadis
1267 2982 1275 2996 ‚
1297 2952 1370 2992 siue
1382 2953 1580 2997 Semittah‚
1597 2957 1661 3006 qui
1673 2967 1791 2992 annus
1804 2954 1960 2993 Romuli
1973 2967 2097 2994 morte
2107 2954 2260 3009 insignis

432 3016 518 3058 fuit,
550 3020 586 3053 Sc
599 3013 810 3053 defeaione
822 3013 956 3056 Solari,
974 3013 1269 3065 quammaximae
1280 3009 1444 3048 tenebrae
1459 3009 1669 3048 consecutae
1677 3008 1773 3054 sunt,
1785 3015 1855 3045 Yffi
1869 3010 1968 3055 Mai,
1989 3014 2191 3050 neomenia
2207 3012 2259 3049 Si-
2336 3050 2355 3061 ι,

430 3086 538 3111 vvan.
547 3075 638 3109 item
648 3069 871 3109 miraculum
880 3068 1022 3107 umbrae
1030 3067 1219 3107 retroaetae
1230 3066 1308 3104 hoc
1319 3079 1421 3105 anno
1430 3069 1603 3121 contigit.
1636 3066 1723 3120 Qi
1733 3065 1925 3120 epocham
1932 3066 2065 3106 mundi
2076 3071 2261 3106 maiorem
2347 3076 2359 3105 ’φ’

431 3131 506 3161 >Tm
527 3131 634 3166 annis
645 3125 799 3166 faciunt,
812 3139 926 3178 quain
934 3138 1018 3168 nos,
1032 3129 1193 3178 &quam
1211 3125 1305 3161 ratio
1317 3122 1480 3176 postulat
1490 3149 1501 3166 ,
1522 3125 1544 3172 ij
1564 3120 1764 3161 necessario
1778 3136 1923 3161 annum
1940 3128 2011 3158 ῆῦῑ
2026 3124 2172 3162 Ezekiae
2190 3123 2258 3161 sta-
2346 3122 2366 3141 “³⁹

432 3195 536 3222 tuere
546 3194 737 3236 coguntur
749 3185 788 3218 in
801 3195 904 3220 anno
917 3195 932 3232 3
937 3195 961 3226 9
968 3181 1018 3228 84
1033 3179 1180 3235 periodi
1192 3178 1466 3222 Iulianae,a1mis
1483 3183 1515 3214 Γκ
1529 3170 2114 3233 antesnitiumMardokcmpadi.
2130 3178 2260 3233 Qod

389 3273 391 3277 .
433 3237 729 3278 absurdissimum
744 3237 806 3276 est.
1375 3235 1393 3243 ‘⁶

375 3295 460 3330 ῐῑΐιῖ
489 3294 877 3349 i'i'abuchodonaforus.]
911 3293 1031 3332 Hunc
1049 3292 1147 3331 male
1174 3290 1525 3344 Nebuchadnetzer
1549 3288 1739 3329 Masoritae
1751 3302 1891 3330 vocant
1903 3318 1914 3334 ‚
1948 3296 1985 3329 δε
2012 3291 2121 3329 multi
2139 3290 2259 3330 hodie

432 3348 636 3403 ἐβρριῖζωπς
652 3351 816 3389 multum
825 3349 858 3388 se
870 3364 909 3386 in
918 3347 1145 3388 Hebraismo
1155 3346 1350 3401 profecisse
1363 3358 1512 3401 putant,
1526 3344 1610 3384 fiita
1619 3350 1745 3399 potius
1757 3373 1769 3390 ‚
1790 3360 1906 3400 quam
1916 3346 2116 3400 quomodo
2132 3351 2255 3386 omnis

433 3405 591 3443 vetustas
607 3420 692 3444 eum
704 3409 863 3447 vomuit,
874 3406 1080 3459 appellent.
1112 3405 1190 3443 Hic
1198 3408 1237 3441 in
1246 3403 1358 3457 Syria,
1366 3407 1455 3443 viuo
1464 3414 1581 3457 patre,
1592 3416 1680 3440 cum
1688 3406 1859 3457 imperio,
1877 3407 1965 3447 iure,
1976 3417 2019 3442 ac
2035 3408 2255 3442 nominete-

432 3464 496 3514 gio
512 3460 651 3500 bellum
662 3461 932 3499 administrauit
941 3475 1060 3501 annos
1076 3467 1152 3504 iffi,
1177 3459 1291 3513 usque
1303 3460 1351 3499 ad
1364 3463 1506 3498 exitum
1515 3462 1629 3512 patris
1643 3457 1956 3513 Nabopollassari‚
1970 3459 2177 3513 postquem
2195 3464 2255 3493 ff:

430 3530 553 3556 annos
565 3515 658 3556 solus
669 3516 970 3569 regnauit.Vnde
978 3516 1161 3557 secundus
1175 3529 1295 3555 annus
1306 3512 1683 3556 Nabuchodonosori
1691 3514 1794 3570 apud
1804 3515 2007 3556 Danielem
2021 3517 2116 3607 Cap.
2136 3519 2182 3555 Γπ,
2203 3514 2257 3553 est

1666 3580 1668 3582 ·
2085 3569 2256 3611 ecundus

2328 3757 2366 3769 .....
