2366 4040
331 263 1071 311 CHRONICORUM
1130 263 1409 313 LIBER
1465 264 1768 307 PRIOR.
1963 285 2006 334 53

141 345 269 387 Attila
280 345 320 385 in
331 344 486 385 sedibus
502 341 574 381 suis
586 335 744 380 mortuo
756 367 767 385 ,
790 351 931 392 magna
942 337 1113 391 primum
1131 338 1233 378 inter
1243 336 1343 378 filios
1362 338 1478 392 ipsius
1497 340 1709 379 certamina
1720 339 1770 380 de
1781 338 2004 382 obtinendo

198 416 324 458 regno
335 411 469 441 exorta
484 397 585 436 sunt.
616 396 776 436 Deinde
789 394 940 448 aliquot
958 395 1159 447 gentium,
1182 409 1267 448 quae
1278 395 1440 435 Hunnis
1457 396 1666 449 parebant,
1686 396 1867 437 defeEtus
1883 398 2005 439 secuti

199 458 338 499 caussas
349 463 385 497 ὃς
402 453 622 494 o'ccafiones
634 453 744 493 bellis
755 450 952 492 dederunt
964 483 972 496 ,
997 451 1139 502 quibus
1150 450 1369 492 ferocissimi
1381 452 1520 506 populi
1530 453 1679 493 mutuis
1687 454 1901 493 incursibus
1911 468 2003 494 con—

200 525 426 556 tererentur.
450 522 454 525 ’
1378 562 1381 563 ⁷

83 573 104 614 1
113 572 164 613 V.
192 567 621 613 InterValentinianum
632 564 693 604 Au
698 564 854 620 gustum
865 567 903 604 δε
914 563 1079 603 Aetium
1088 563 1299 605 Patricium
1310 565 1395 620 post
1405 564 1592 620 promissa:
1601 567 1775 606 invicem
1785 566 1878 606 fidei
1886 565 2003 606 sacra-

198 637 327 668 menta
336 651 347 670 >
358 624 444 677 post
455 623 612 677 paitum
626 621 676 661 de
687 620 970 674 conjunstione
980 619 1150 660 filiorum
1162 647 1174 666 ,
1186 621 1276 660 dirae
1287 623 1500 662 inimicitiae
1511 623 1798 663 convaluerunt
1818 639 1825 662 ε
1846 627 1883 663 &
1895 623 2003 662 unde

196 683 271 723 fuit
279 681 399 736 gratia
410 679 606 719 charitatis
616 677 799 733 augenda
808 705 819 723 ,
831 676 1074 717 indeexarfit
1087 675 1213 717 fomes
1224 677 1408 719 odiorum
1419 707 1430 725 ,
1443 680 1648 720 incentore
1659 713 1668 726 ‚
1685 691 1730 719 ut
1742 679 1920 719 credium
1933 679 2004 725 est,

193 737 379 780 Heraclio
391 735 575 791 Spadone
588 751 595 775 :
608 736 677 788 qui
686 736 740 774 ita
751 733 820 773 fibi
831 734 1076 787 imperatoris
1084 734 1261 774 animum
1272 735 1464 776 insincero
1475 736 1664 776 famulatu
1674 735 1942 783 adstr'inxerat‚
1955 747 2002 776 ut

191 807 283 835 eum
297 793 409 834 facile
421 794 462 833 in
473 806 557 846 quae
568 792 688 832 vellet
699 818 710 837 ‚
727 789 957 844 impelleret.
990 792 1130 842 Qum
1142 805 1238 846 ergo
1252 791 1392 832 Aetius
1409 793 1551 847 placita
1562 793 1762 833 instantius
1773 795 1917 848 repetit
1928 821 1938 838 ,
1961 798 2000 833 Sc
2025 827 2027 829 ,

189 850 355 890 caussam
365 850 676 899 *Filocomonus
686 848 889 901 agit,impe
895 847 1028 886 tatoris
1038 860 1155 886 manu
1166 852 1201 886 ὃ(
1211 848 1529 888 circunstantium
1540 850 1676 903 gladiis
1687 850 1898 890 crudeliter
1905 864 2000 890 con-

188 906 314 947 festus
322 907 376 947 est
387 934 398 953 ,
412 907 556 947 Boetio
565 903 747 959 praefesto
755 902 924 956 praetorii
933 901 1045 940 fimul
1054 903 1219 955 pere‘pto
1228 929 1239 947 ‚
1252 905 1321 955 qui
1330 905 1367 942 ei
1376 904 1498 942 multa
1510 906 1682 945 amicitia
1693 907 1898 960 copulatus
1907 919 2001 947 erat.

131 965 312 1005 Mortem
325 964 437 1004 Aetii
450 976 553 1002 mors
564 958 834 1002 Valentiniani
845 970 928 996 non
937 957 1058 1010 longo
1070 958 1156 1009 post
1169 970 1348 1011 tempore
1358 958 1567 1005 consecuta
1575 960 1639 999 est.
1658 962 1764 1000 Tam
1774 963 2003 1017 impruden-

185 1034 246 1061 ter
253 1021 360 1060 enim
371 1019 566 1060 declinata
579 1044 590 1063 ,
609 1026 655 1055 ut
664 1012 861 1053 interfe6fi
873 1012 987 1053 Aetii
997 1013 1145 1052 amicos
1161 1014 1451 1068 armigerosque
1462 1015 1544 1067 ejus
1555 1015 1710 1056 fibimet
1721 1017 1883 1059 sociaret
1895 1047 1905 1065 ,
1927 1021 1999 1073 qui

185 1077 372 1131 concepti
388 1075 569 1115 facinoris
586 1070 929 1126 opportunitatem
949 1067 1231 1110 diffimulanter
1246 1083 1486 1125 aucupantes
1503 1071 1691 1126 egressum
1711 1086 1820 1113 extra
1840 1074 1998 1115 Urbem

185 1135 408 1187 Principem
419 1159 430 1177 ‚
453 1128 597 1170 &ludo
608 1126 834 1183 gestationis
849 1126 1049 1165 intentum
1063 1126 1278 1179 inopinatis
1295 1127 1435 1168 istibus
1447 1128 1716 1169 confoderunt
1726 1157 1738 1175 ,
1759 1130 1947 1170 Heraclio
1959 1133 2004 1171 fi-

184 1189 280 1235 mul,
290 1200 424 1228 uterat
434 1187 648 1242 proximus,
659 1184 917 1236 interempto,
929 1186 967 1221 ὃς
977 1181 1087 1221 nullo
1099 1196 1147 1222 ex
1160 1183 1417 1224 multitudine
1431 1185 1535 1240 regia
1547 1184 1597 1224 ad
1606 1185 1803 1226 ultionem
1815 1189 1913 1227 tanti
1922 1188 2000 1228 sce-

183 1245 269 1285 leris
280 1243 452 1285 accenso.
484 1242 546 1282 Ut
556 1254 689 1282 autem
701 1239 777 1279 hoc
788 1238 1040 1293 parricidium
1053 1251 1321 1294 perpetratum
1334 1241 1399 1288 est,
1407 1241 1606 1281 Maximus
1619 1243 1676 1281 vir
1685 1244 1836 1297 gemini
1848 1245 2003 1284 Consu-

182 1301 281 1342 latus
291 1307 327 1341 &
337 1301 505 1341 Patritiae
521 1297 726 1354 dignitatis
741 1295 901 1349 sumpsit
911 1295 1135 1349 imperium.
1168 1297 1253 1350 Qi
1264 1310 1388 1350 qurum
1400 1298 1638 1352 periclitanti
1654 1299 1902 1353 Reipublicae
1911 1316 2000 1356 pro-

181 1348 335 1398 futurus
346 1371 416 1412 per
426 1356 561 1396 omnia
572 1353 817 1398 crederetur,
839 1366 921 1392 non
932 1351 1015 1391 sero
1029 1351 1278 1393 documento
1289 1354 1388 1407 quid
1400 1356 1522 1394 animi
1539 1355 1702 1394 haberet
1712 1357 1895 1409 probavit
1916 1375 1923 1398 z
1947 1359 1999 1398 fic

182 1415 361 1468 quidem,
371 1425 416 1453 ut
424 1411 694 1454 interfe&ores
703 1408 973 1451 Valentiniani
984 1422 1066 1448 non
1078 1409 1203 1450 solum
1213 1424 1295 1450 non
1303 1410 1505 1464 plesteret‚
1518 1411 1585 1452 sed
1597 1413 1716 1451 etiam
1727 1413 1768 1452 in
1780 1415 1997 1455 amicitiam

181 1472 374 1526 reciperet
393 1487 400 1510 ς
414 1482 667 1522 ιυΧοῑειῃςᾳε
687 1467 769 1520 ejus
780 1465 952 1520 Augusti
963 1465 1206 1507 amiffionem
1224 1468 1296 1507 viri
1307 1467 1441 1523 lugere
1460 1468 1704 1523 prohibitam
1715 1469 1815 1509 intra
1826 1471 1999 1524 paucissi-

134 1542 135 1546 ¹
182 1542 269 1568 mos
281 1527 363 1567 dies
380 1527 421 1568 in
433 1526 666 1581 conjugium
684 1523 794 1563 suum
808 1521 962 1562 transire
973 1536 1147 1578 cogeret.
1180 1523 1258 1564 Sed
1269 1524 1343 1564 hac
1360 1525 1652 1565 incontinentia
1663 1540 1746 1565 non
1757 1525 1826 1566 diu
1843 1528 2000 1581 potitus

180 1585 247 1624 est.
277 1585 387 1625 Nam
397 1584 483 1638 post
495 1582 661 1622 alterum
674 1578 848 1620 mensem
869 1580 1059 1619 nunciato
1070 1593 1117 1619 ex
1130 1577 1265 1620 Africa
1279 1580 1485 1621 Genserici
1495 1581 1619 1637 Regis
1630 1581 1805 1622 adventu
1817 1611 1828 1629 ‚
1850 1584 1998 1624 multis-

179 1655 260 1694 que
270 1640 493 1687 nobilibus,
512 1653 556 1679 ac
565 1636 819 1694 popularibus
837 1649 886 1675 ex
896 1635 992 1675 urbe
1010 1634 1280 1691 fugientibus,
1299 1651 1424 1691 quum
1436 1637 1515 1692 ipse
1531 1653 1715 1692 quoque,
1736 1639 1828 1680 data
1845 1641 1997 1681 cunffis

179 1697 354 1737 abeundi
365 1696 524 1737 licentia
536 1729 545 1742 ‚
560 1693 714 1749 trepide
725 1692 846 1733 vellet
857 1691 1064 1733 abscedere
1075 1721 1087 1739 ‚
1100 1695 1120 1734 a
1132 1693 1288 1734 famulis
1296 1695 1464 1750 Reginae
1474 1694 1682 1736 dilaniatus
1692 1700 1730 1736 ὃ(
1743 1697 1996 1739 membratim

180 1753 355 1807 dejectus
364 1754 405 1794 in
416 1753 599 1793 Tiberim
615 1750 810 1806 sepultura
821 1762 984 1802 quoque
992 1751 1127 1790 caruit.
1158 1751 1248 1791 Post
1261 1751 1366 1791 hunc
1379 1752 1551 1792 Maximi
1561 1753 1713 1792 exitum
1725 1753 1931 1794 confestim
1940 1754 1994 1795 se-

179 1823 272 1850 cuta
286 1811 341 1850 est
357 1806 489 1850 multis
504 1809 627 1865 digna
636 1806 803 1850 lacrimis
820 1806 1007 1846 Romana
1028 1808 1259 1861 captivitas,
1280 1807 1485 1848 &Urbem
1505 1809 1806 1864 omnipraefidio
1827 1825 1994 1852 vacuam

181 1866 414 1907 Gensericus
424 1867 600 1906 obtinuit
608 1893 620 1911 ,
630 1872 863 1904 occurrente
874 1862 944 1901 fibi
952 1874 1059 1902 extra
1069 1876 1201 1917 portas
1211 1865 1341 1904 sanEtO
1352 1865 1493 1905 Leone
1503 1865 1700 1920 Episcopo
1714 1882 1721 1905 :
1733 1880 1780 1906 cu
1780 1866 1844 1919 jus
1854 1867 1996 1922 suppli-

181 1924 286 1962 catio
298 1924 353 1963 ita
360 1937 467 1968 eum,
478 1923 569 1963 Deo
578 1932 735 1975 agente,
748 1918 889 1970 lenivit
897 1944 908 1963 ,
920 1929 977 1963 ut,
988 1932 1112 1971 quum
1124 1921 1259 1960 omnia
1271 1921 1313 1960 in
1323 1922 1517 1974 potestate
1526 1922 1607 1973 ejus
1616 1921 1739 1961 eflent
1748 1955 1756 1968 ,
1771 1923 1911 1963 tradita
1922 1925 1993 1964 fibi

183 1979 343 2019 civitate
354 2006 366 2024 ‚
378 1979 426 2018 ab
437 1979 529 2032 igne
541 1989 692 2020 tamen,
706 1972 855 2014 &caede
868 2000 879 2018 ,
891 1973 1219 2028 atque‚suppliciis
1226 1976 1444 2016 abstineret.
1475 1977 1549 2016 Per
1557 1978 1860 2031 quatuordecim
1872 1980 1993 2034 igitur

182 2033 266 2074 dies
274 2033 403 2074 secura
411 2033 575 2074 &libera
583 2031 817 2073 scrutatione
829 2029 1015 2069 omnibus
1023 2032 1165 2084 opibus
1176 2031 1250 2071 suis
1259 2032 1393 2073 Roma
1404 2043 1567 2072 vacuata
1576 2033 1630 2072 est
1643 2049 1650 2072 :
1671 2034 1874 2088 multaque
1884 2037 2000 2077 milia⁴

181 2091 429 2143 captivorum
438 2120 450 2138 ‚
469 2099 587 2141 prout
595 2088 744 2139 quique
756 2095 823 2124 aut
831 2095 967 2130 aetate,
986 2098 1054 2125 aut
1063 2099 1145 2127 arte
1151 2087 1384 2141 placuerunt
1394 2119 1404 2134 ,
1422 2103 1514 2128 cum
1523 2089 1682 2143 Regina
1697 2094 1735 2130 &
1744 2090 1894 2132 filiabus
1906 2093 1990 2146 ejus

181 2145 468 2201 Carthaginem
479 2142 639 2184 abducti
648 2141 746 2182 sunt.

843 2228 877 2269 F
933 2227 955 2267 Ῑ
1011 2231 1059 2272 Ν
1114 2230 1135 2271 I
1193 2231 1229 2271 S.

983 2412 1065 2442 DE

321 2481 937 2544 PROSPERI
1021 2483 1731 2553 CHRONICO

677 2605 1392 2650 TESTIMONIA.

607 2710 796 2754 Caffiodorus
813 2715 863 2745 De
880 2714 1017 2746 Divinis
1037 2712 1233 2746 Leeiionibus
1251 2725 1318 2761 cap.
1337 2717 1445 2748 XVII.

71 2768 207 2803 Sami‘tus
217 2782 348 2818 quoque
358 2770 496 2818 Prosper
508 2771 680 2808 Chronica
688 2771 729 2805 ab
739 2772 846 2806 Adam
857 2771 896 2805 ad
909 2770 1080 2806 Genserici
1092 2784 1244 2820 tempora
1253 2777 1284 2808 ὃς
1297 2775 1403 2809 Urbis
1417 2773 1700 2821 depraedationem
1711 2770 1810 2820 usque
1820 2772 1988 2820 perduxit.

700 2850 881 2885 Gennadius
898 2853 931 2884 in
950 2851 1101 2900 Catalogo
1118 2851 1234 2898 Illustr.
1254 2855 1353 2887 Vimr.

73 2903 212 2951 Prosper
222 2908 323 2943 homo
333 2911 538 2958 Aquitanicae
550 2910 694 2957 regionis
705 2935 714 2950 ‚
727 2909 876 2943 sermone
888 2908 1095 2944 scholasticus
1107 2936 1117 2950 ‚
1129 2913 1161 2944 ὃ(
1171 2910 1400 2947 assertionibus
1410 2911 1569 2947 nervosus
1581 2937 1590 2953 ,
1601 2910 1705 2946 multa
1714 2911 1930 2958 composuisse
1939 2913 1989 2948 di-

124 2954 211 2987 citur
224 2969 230 2988 :
242 2969 280 2990 ex
290 2959 404 3003 quibus
415 2973 477 3006 ego
486 2961 657 2993 Chronica
667 2959 809 2992 nominis
820 2960 907 2993 illius
917 2961 1119 3005 praetitulata
1128 2960 1194 3008 legi
1204 2961 1411 2997 continentia
1422 2962 1439 2996 ὲ
1448 2963 1550 3010 primi
1561 2960 1704 2996 hominis
1715 2961 1989 3009 conditionejux-

127 3012 159 3035 ta
169 3003 353 3038 divinarum
365 3005 595 3053 scripturarum
610 3008 707 3042 fidem
718 3032 729 3047 ‚
749 3007 848 3056 usque
859 3009 899 3043 ad
908 3008 1038 3044 obitum
1048 3009 1275 3044 Valentiniani
1286 3011 1425 3060 Augusti
1436 3015 1467 3047 ὃ(
1478 3012 1708 3059 captivitatem
1720 3010 1829 3045 Urbis
1842 3013 1960 3047 Romae
1972 3012 1989 3046 ὲ

125 3051 304 3088 Genserico
314 3055 554 3091 Wandalorum
565 3070 641 3104 rege
650 3056 783 3091 factam.

695 3136 731 3168 In
751 3135 898 3170 Confilio
918 3135 1127 3171 Vafionenfi:

498 3195 631 3247 Prcsper
648 3197 874 3249 Aquitanicus
891 3193 1267 3250 EpifiOPuo'fibbscripſs·
1291 3189 1294 3194 ’

625 3280 734 3327 Regio
745 3279 865 3326 Lepidi
875 3280 908 3314 in
919 3282 988 3315 aede
1000 3281 1260 3316 carmelitarum
1271 3295 1280 3314 .·

444 3343 604 3395 Hicfitus
619 3345 664 3395 ‹st
681 3347 814 3398 Prqsper
822 3372 834 3390 ,
850 3361 913 3399 quo
920 3344 1041 3398 fitnc‘t‘o
1054 3345 1196 3401 praeficle
1212 3345 1342 3401 gaudet

489 3403 630 3455 Regium
642 3427 653 3445 ,
669 3403 713 3447 ὠ*
733 3401 788 3440 hic
806 3405 931 3442 cineres
949 3401 1191 3457 offitquefizcra
1200 3408 1331 3454 jacent,

437 3464 632 3495 Marmoreo
649 3456 814 3497 Monacht'
828 3459 972 3499 condunt
981 3463 1041 3514 pia
1056 3459 1150 3511 busta
1160 3457 1350 3514 stpulchro.

489 3521 650 3567 Namque
663 3526 767 3556 vetm
783 3517 1052 3570 turrbsjr'egerat
1070 3516 1141 3555 alta
1157 3516 1289 3556 cadens.

1177 3620 1264 3675 E3
1422 3650 1469 3675 ,Δ
1749 3616 1995 3658 EUSE-
