2366 4040
917 234 923 251 1

966 281 1753 329 PROLEGOMENA.

447 357 514 408 qui
531 354 620 393 :inni
636 349 894 392 emendationi
909 350 1175 406 praeficeretur:
1196 350 1248 392 de
1260 365 1336 406 qua
1350 364 1452 392 nune
1474 351 1697 393 dicendum:
1711 358 1749 393 &
1761 357 1929 410 primum
1941 355 1990 396 de'
2005 356 2108 403 Sole,
2125 355 2199 397 siue
2216 355 2264 396 de

448 413 500 458 ijs,
515 423 596 461 qua*
610 407 658 446 ad
669 407 797 446 Solem
813 411 1017 461 pertinent.
1049 407 1182 447 Postea
1192 407 1240 447 de
1260 409 1369 448 Luna
1380 407 1537 448 dicetur.
1564 409 1608 447 In
1625 422 1724 447 cccc
1739 414 1844 449 annis
1861 414 1932 449 tria
1946 411 2083 452 bisexta
2093 412 2263 452 tollenda

447 466 519 503 elle
534 462 662 502 sciscit.
709 461 804 502 Hoc
819 462 976 516 quidem
989 463 1252 503 concedimus.
1278 462 1340 504 sed
1356 465 1461 518 quod
1477 478 1521 503 ea
1535 468 1574 504 in
1590 465 1679 501 555
1697 469 1802 504 amris
1821 467 1920 506 tollit
1932 495 1941 509 ‚
1960 472 1996 505 &
2010 468 2058 508 ad
2075 473 2129 507 c—c‘
2142 483 2262 508 annos

446 524 592 558 nini-tim
604 517 705 558 aliud
722 516 905 557 bisextum
914 523 1084 572 perimit,
1101 519 1139 559 id
1148 534 1239 560 vero
1252 519 1453 575 indignum
1462 520 1763 566 Mathematico‘,
1773 525 1863 575 quia
1873 535 2006 561 contra
2022 524 2260 578 hypothesin.

446 576 483 613 Si
498 578 600 612 enim
615 589 638 611 c
647 587 671 610 c
681 586 736 610 cc
750 578 839 613 anni
853 575 1003 628 cyclum
1022 576 1192 615 Solarem
1200 575 1415 630 Tropicum
1429 577 1672 619 constituunt,
1682 580 1780 616 intra
1787 591 1903 631 quem
1917 582 1986 616 tria
1999 578 2136 617 bisexta
2143 583 2263 633 perire

442 642 615 684 oportet,
629 633 740 684 igitur
750 630 872 684 cyclus
890 633 1069 670 trifariam
1079 631 1304 670 diuidendus
1324 631 1395 674 est,
1415 632 1527 672 fifieri
1542 632 1686 687 potest:
1700 633 1753 672 fin
1766 646 1912 675 autem,
1929 637 1968 672 in
1983 647 2123 688 partes,
2144 649 2226 687 quae
2242 650 2263 674 a

442 686 535 724 iusta
543 686 726 725 diuisione
735 690 907 740 proxime
917 686 1047 726 abfint.
1079 687 1122 725 In
1130 699 1454 742 totautempartes
1471 687 1698 737 diuidendus
1713 689 1784 734 est,
1800 703 1896 743 quot
1914 688 2054 728 bisexta
2069 694 2266 744 perimunf

442 754 518 780 tur.
552 743 662 796 Qia
684 755 773 780 veto
796 756 892 779 cccc
914 746 1002 780 anni
1012 741 1192 782 trifariam
1204 741 1321 782 diuidi
1331 757 1413 782 non
1423 742 1589 798 possunt,
1600 749 1759 800 propior
1768 746 1815 784 ab
1830 761 1872 784 ea
1890 745 2022 785 diuisio
2032 746 2104 789 est,
2122 759 2164 785 ut
2180 746 2262 785 duae

439 811 565 853 partes
577 797 646 835 sint
660 810 849 837 annorum
873 812 947 848 132,
960 799 1102 852 reliqua
1117 813 1147 848 13
1155 807 1190 837 6.
1220 799 1304 837 Alia
1321 803 1427 838 enim
1445 800 1689 840 commodior
1707 801 1932 840 diuisioiniti
1950 815 2031 841 non
2040 800 2178 856 potest.
2208 793 2264 840 It'a

439 854 587 893 nullum
597 853 892 893 incommodum
903 866 987 898 ,aut
1003 854 1164 906 εἰτόπημα,
1180 858 1435 894 interueniret.
1470 856 1635 910 Qoties
1644 870 1772 896 autem
1788 857 1971 897 bisextum
1981 858 2135 902 tollitur,
2150 862 2262 898 toties

440 911 590 963 cyclum
599 910 691 949 Solis
705 914 841 949 mutari
856 908 1001 949 neceffe
1021 911 1091 952 est,
1101 923 1308 965 propterea
1328 910 1435 964 quod
1449 924 1520 965 pro
1537 909 1678 964 duplici
1692 912 1815 957 litera,
1832 917 1937 968 prior
1949 926 2097 958 tantum
2116 912 2264 953 affumi-

439 979 515 1009 tur,
532 980 602 1020 pro
614 979 717 1021 anno
735 979 804 1015 πμ,
816 970 880 1019 qui
897 966 949 1005 est
960 967 1110 1006 ultimus
1122 971 1251 1021 primae
1258 970 1372 1021 partis
1383 993 1395 1011 ,
1409 967 1523 1005 altera
1533 978 1661 1011 autem
1673 968 1831 1008 inchoat
1846 983 1989 1008 annum
2008 982 2078 1019 133,
2087 968 2194 1023 quod
2209 970 2262 1010 est

412 1034 418 1047 ²
438 1026 589 1061 initium
598 1025 713 1077 partis
730 1021 915 1061 secundae.
955 1023 1016 1062 Sic
1028 1027 1068 1061 in
1084 1022 1253 1062 secundae
1266 1026 1381 1077 partis
1401 1035 1505 1061 anno
1523 1021 1659 1060 ultimo
1678 1032 1767 1071 264,
1786 1028 1891 1077 prior
1906 1026 2011 1064 litera
2026 1025 2260 1071 retinebitur,

438 1079 554 1118 altera
568 1078 797 1132 relinquetur
808 1092 909 1118 anno
925 1078 1095 1133 sequenti
1114 1087 1199 1129 265,
1216 1082 1282 1132 qui
1292 1078 1346 1117 est
1353 1081 1496 1133 primus
1508 1081 1624 1116 tertiae
1637 1082 1764 1132 partis.
1796 1080 1851 1117 Ita
1867 1079 1952 1123 fiet,
1966 1093 2010 1119 ut
2024 1080 2261 1121 Tetracofie-

439 1138 525 1174 teris
546 1133 580 1174 se
609 1148 700 1173 uens
714 1134 762 1173 ab
777 1134 911 1174 eadem
927 1135 1033 1174 litera
1048 1139 1223 1190 incipiat,
1245 1149 1266 1173 a
1283 1148 1360 1188 qua
1378 1138 1483 1189 prior
1496 1137 1622 1176 iniuit‚
1636 1134 1962 1187 quemadmodum
1978 1140 2018 1174 in
2035 1137 2259 1176 Canonibus

438 1148 734 1230 demonstratur.
787 1190 968 1230 Praeterea
980 1205 1062 1231 non
1079 1192 1202 1246 plures
1217 1192 1330 1230 literae
1353 1190 1509 1229 initiales
1527 1193 1641 1228 trium
1658 1190 1803 1230 illarum
1828 1195 1991 1246 partium
2011 1191 2082 1231 esse
2104 1192 2258 1237 debent,

437 1261 555 1300 quam
572 1259 668 1300 quot
687 1245 825 1285 bisexta
835 1260 1012 1302 pereunt.
1035 1260 1079 1287 ut
1096 1251 1136 1286 in
1150 1247 1222 1286 hac
1238 1245 1537 1291 methodo,non
1558 1246 1681 1300 plures
1696 1245 1798 1289 sunt,
1815 1262 1930 1300 quam
1945 1261 2030 1288 tres,
2049 1249 2085 1287 G
2103 1248 2260 1301 quidem

437 1304 585 1342 initialis
602 1306 732 1357 primae
750 1307 882 1357 partis,
899 1304 939 1342 D
958 1302 1146 1347 secundae,
1158 1304 1194 1341 A
1209 1306 1343 1342 tertiae.
1397 1304 1451 1341 At
1465 1306 1504 1341 in
1521 1302 1688 1341 editione
1699 1303 1819 1352 Claui)
1832 1329 1843 1347 ,
1857 1307 1946 1357 quia
1959 1304 2176 1359 prodigioso
2197 1320 2260 1344 ex-

437 1359 569 1414 emplo
581 1363 622 1397 in
641 1361 727 1394 ἴέῐ
746 1363 874 1404 annis,
895 1373 997 1402 non,
1019 1372 1061 1398 ut
1077 1359 1282 1414 oportebat
1295 1385 1306 1402 ‚
1331 1362 1372 1396 in
1386 1362 1512 1402 ῐέἶό,
1536 1361 1605 1396 tria
1622 1358 1682 1397 illa
1704 1358 1841 1397 bisexta
1864 1359 2051 1398 tolluntur
2066 1387 2077 1404 ,
2109 1360 2196 1400 ideo
2217 1365 2258 1399 in

437 1428 600 1468 quatuor
622 1427 745 1469 partes
761 1442 769 1456 ‚
797 1428 894 1469 quot
913 1429 1055 1470 nempe
1072 1418 1256 1455 centurias
1277 1427 1469 1452 annorum
1491 1414 1609 1452 habet
1624 1440 1635 1458 ,
1657 1413 1964 1455 Tetracosieteris
1982 1415 2094 1456 diuisa
2111 1416 2163 1455 est
2178 1446 2186 1459 ,
2219 1423 2259 1455 δε

437 1470 600 1526 proinde
613 1482 710 1524 quot
726 1483 870 1524 partes,
888 1470 962 1510 siue
977 1474 1153 1511 centuriae
1162 1468 1348 1514 ,totidem
1361 1468 1475 1507 literae
1488 1468 1759 1524 sunt,quarum
1782 1471 1818 1510 G
1838 1475 2006 1526 primum
2023 1486 2167 1511 annum
2180 1477 2258 1527 pri·
2276 1498 2280 1505 =

435 1540 508 1566 mae
531 1530 707 1566 centun'ae
734 1526 892 1565 inchoat
907 1555 918 1571 ‚
945 1528 973 1565 B
1000 1530 1169 1581 primum
1192 1524 1362 1565 secundae
1371 1551 1384 1568 ,
1407 1525 1447 1563 D
1476 1530 1645 1579 primum
1665 1530 1782 1565 tertiae
1797 1556 1807 1570 ‚
1852 1528 1878 1565 F
1911 1531 2079 1582 primum
2097 1541 2255 1581 quartat.

485 1597 579 1622 uum
600 1594 747 1621 tantam
768 1582 1038 1622 absurditatem
1057 1595 1136 1622 tarn
1152 1580 1346 1637 perspicue
1366 1579 1665 1621 demonstratam
1685 1586 1723 1620 in
1750 1583 1880 1623 nostro
1904 1583 2078 1622 Elencho
2103 1585 2258 1624 Clanius

433 1635 737 1694 deprehendisset
744 1664 756 1681 ,

669 1691 851 1748 Obstupuit
860 1693 1115 1748 ,steteruntque
1131 1703 1249 1736 comae,
1266 1692 1310 1737 ὠ·
1324 1707 1401 1731 vox
1403 1691 1571 1746 fitucibm
1587 1692 1690 1746 haestti
2243 1743 2246 1745 q

433 1750 611 1790 Errorem
630 1748 785 1802 quidem
810 1755 985 1803 agnouit.
1026 1750 1131 1789 Nam
1148 1754 1229 1802 quis
1245 1760 1323 1787 tam
1341 1749 1449 1802 stipes
1464 1775 1477 1792 ,
1498 1762 1540 1788 ut
1559 1749 1825 1789 absurditatem
1840 1763 1921 1790 non
1944 1749 2114 1789 aduertat
2133 1760 2143 1789 .>
2182 1751 2256 1792 Sed

432 1820 571 1861 negare
585 1809 730 1860 potius,
755 1818 870 1857 quam
886 1804 1013 1848 fateri,
1025 1806 1195 1843 interesse
1213 1808 1361 1858 putauit
1372 1804 1654 1843 existimationis
1669 1804 1754 1848 suae‚
1772 1807 1831 1845 vel
1842 1809 1968 1860 potius
1983 1806 2172 1859 dignitatis
2190 1821 2253 1846 eo-

432 1876 537 1907 rum,
555 1874 719 1915 quorum
732 1859 825 1899 iuffu
840 1860 888 1900 ad
900 1864 988 1900 anni
1003 1860 1314 1901 emendationem
1326 1858 1362 1898 se
1372 1860 1554 1903 contulit,
1569 1864 1656 1913 quia
1673 1861 1722 1898 illi
1738 1874 1937 1914 nunquam
1955 1874 2074 1900 errare
2089 1860 2252 1915 possunt.

432 1920 487 1957 Vt
509 1923 622 1973 igitur
639 1916 778 1955 fastum
793 1917 853 1956 vel
876 1928 1043 1971 tegeret,
1059 1917 1118 1955 vel
1141 1915 1354 1959 excusaret,
1370 1927 1535 1969 quatuor
1552 1916 1629 1954 illas
1648 1916 1771 1955 literas
1788 1929 1861 1956 tres
1882 1929 2033 1956 tanturn
2057 1915 2130 1956 effi:
2150 1916 2265 1969 dixit,
2294 1919 2296 1922 ’

430 1973 559 2014 Tanta
571 1977 624 2013 vis
640 1973 693 2013 est
707 1973 898 2012 Clauianae
906 1972 1139 2016 Matheseos,
1153 1985 1194 2011 ut
1202 1985 1366 2026 quatuor
1379 1971 1450 2011 fint
1459 1975 1538 2010 tria.
1573 1973 1673 2027 Qae
1682 1972 1933 2012 incommoda
1950 1972 2151 2026 sequantur
2164 1986 2256 2028 pro*

429 2044 515 2087 pter
529 2031 606 2069 illas
623 2042 786 2084 quatuor
807 2029 948 2073 literas,
970 2044 1014 2069 ac
1027 2042 1187 2085 propter
1200 2027 1428 2068 bisextorum
1443 2032 1754 2084 peremptionem
1768 2042 1857 2069 ante
1877 2038 2027 2083 tempus
2046 2033 2256 2084 praecipita-

430 2101 532 2130 tam,
547 2085 699 2126 abunde
716 2090 755 2124 in
773 2085 998 2125 Canonibus
1018 2084 1247 2141 disputatum
1263 2085 1316 2124 est
1326 2114 1334 2123 .
1391 2085 1457 2124 De
1472 2085 1544 2123 hac
1559 2098 1599 2123 re
1613 2085 1754 2124 nullam
1768 2089 2008 2125 mentionem
2025 2083 2115 2124 facit
2126 2089 2170 2138 in
2186 2086 2254 2125 Gi-

428 2155 571 2198 ganteo
592 2143 838 2197 apologetico
848 2169 859 2185 ,
879 2155 980 2181 certe
990 2145 1077 2195 quia
1088 2141 1183 2180 nihil
1199 2141 1334 2186 habet,
1349 2140 1457 2195 quod
1470 2153 1548 2179 tam
1566 2139 1765 2180 manifesto
1783 2153 1968 2195 portento
1979 2153 2170 2194 opponat.
2206 2141 2252 2180 In

428 2212 537 2238 tanta
544 2199 651 2238 mole
663 2201 787 2252 operis
795 2201 834 2235 in
849 2211 925 2235 una
942 2210 1093 2237 tantum
1103 2211 1141 2236 re
1150 2201 1274 2237 omnis
1288 2197 1395 2236 labor
1408 2196 1637 2239 exhauritur,
1644 2199 1684 2233 in
1697 2197 1982 2235 nouiluniorum
1992 2195 2146 2235 Tabulis
2157 2210 2250 2250 con-

372 2286 375 2287 γ
427 2254 610 2293 struendis
620 2280 631 2298 ,
652 2267 734 2305 quae
751 2251 827 2291 sere
844 2252 1039 2292 dimidiam
1049 2266 1197 2306 partem
1212 2265 1292 2290 tarn
1305 2252 1394 2290 vasti
1404 2247 1573 2305 corporis
1586 2264 1798 2305 occupant:
1815 2265 1936 2305 quum
1954 2264 2084 2290 tamen
2101 2253 2251 2291 nouilu-

431 2313 495 2349 nia
508 2311 606 2347 terite
618 2321 828 2361 congruere
840 2321 921 2346 non
935 2308 1092 2361 possint,
1105 2307 1177 2346 siue
1190 2307 1276 2361 post
1293 2319 1467 2349 centum,
1481 2306 1554 2344 fiue
1567 2306 1653 2360 pos't
1666 2319 1688 2342 c
1700 2311 1782 2343 axxTi
1799 2321 1919 2346 annos
1931 2321 2052 2346 unum
2063 2305 2250 2349 bisextum

422 2376 574 2420 pereat.
608 2364 747 2415 Cyclus
763 2366 866 2400 enim
885 2362 1073 2416 Tropicus
1088 2377 1134 2401 ex
1148 2361 1354 2401 rationibus
1376 2362 1469 2400 Solis
1487 2375 1750 2415 componitur,
1770 2376 1838 2418 per
1850 2377 1942 2416 quas
1958 2363 2140 2402 nonlicet
2159 2376 2249 2403 ante

427 2432 583 2474 ternpus
609 2417 824 2457 intercalare
840 2444 850 2458 ‚
879 2416 958 2457 hoc
980 2417 1033 2456 est
1047 2445 1057 2461 ,
1085 2430 1292 2470 antequam
1314 2430 1360 2455 ex
1382 2417 1527 2455 illarum
1548 2416 1724 2472 scrupulis
1747 2421 1854 2456 Zi‘ffiff
1880 2419 1983 2458 horae
2003 2419 2247 2473 colligantur.

428 2469 543 2515 Vnde
559 2474 742 2528 sequitur,
751 2471 832 2512 non
845 2471 992 2527 semper
1000 2473 1085 2527 post
1094 2473 1385 2527 quadriennium
1395 2502 1403 2515 ,
1415 2472 1476 2511 sed
1488 2478 1525 2510 δε
1538 2486 1818 2526 nonnunquam
1826 2474 2248 2529 post‚quinquennium,

426 2530 728 2571 intercalandum
740 2528 830 2572 esse,
847 2541 888 2567 ut
902 2531 1017 2572 reue,
1037 2528 1092 2576 ιρι)
1106 2528 1350 2580 ϋῖπςημονικῶς
1368 2543 1390 2566 a
1405 2527 1628 2583 sapientibus
1647 2528 1860 2575 Clmrasan,
1877 2524 1922 2569 irs
1932 2530 2067 2584 quibus
2083 2530 2245 2571 Auistzna

426 2585 515 2631 fuit,
532 2586 746 2627 consultum
759 2584 861 2623 estin
870 2598 974 2623 anno
992 2584 1155 2624 Gelalaeo
1166 2585 1295 2622 Sultan
1306 2583 1423 2623 Melic
1435 2585 1491 2623 Sa.
1520 2585 1659 2636 Cyclus
1672 2587 1785 2638 igitur
1801 2586 2131 2625 tetracofietericus
2151 2601 2245 2626 con-⁷

427 2643 636 2686 struendus,
645 2646 684 2680 in
692 2655 770 2693 quo
778 2653 881 2684 nunc
892 2652 1146 2693 quarto‚nunc
1159 2643 1293 2693 quinto
1307 2653 1410 2678 anno
1419 2639 1589 2678 absoluto
1597 2640 1845 2679 intercalatur.
1858 2641 1913 2680 Ita
1925 2640 2059 2685 fiet,ut‚
2067 2656 2187 2695 quum
2196 2656 2244 2682 ex

427 2698 575 2737 Tabula
592 2698 687 2750 cycli
700 2695 1026 2735 Tetracosieterici
1039 2696 1143 2735 litera
1156 2695 1408 2735 Dominicalis
1420 2708 1588 2750 petetur,
1606 2710 1728 2749 neque
1745 2695 1973 2736 bisextorum
1985 2698 2245 2737 tollendorum

425 2753 696 2794 ullaneccss'itas
706 2751 1034 2805 incumbat‚quum
1041 2751 1117 2806 ipsa
1124 2750 1261 2791 bisexta
1270 2765 1338 2807 per
1346 2750 1380 2790 se
1390 2750 1464 2806 ipla
1473 2765 1630 2806 pereant
1640 2764 1796 2806 propter
1803 2753 2128 2793 intercalationem
2136 2767 2244 2794 nunc

425 2823 683 2865 quarto‚nunc
693 2812 828 2862 quinto
836 2821 937 2847 anno
947 2806 1116 2847 absoluto
1125 2820 1494 2861 occurrentem,neq;
1504 2808 1622 2846 ullum
1630 2806 1839 2862 periculum
1848 2808 1891 2848 fit
1899 2807 2244 2863 errandi,quoniam

422 2880 506 2906 non
518 2866 603 2922 post
616 2877 782 2906 centurn,
793 2876 835 2902 ut
847 2864 1092 2908 Clanius,aut
1103 2864 1189 2920 post
1203 2878 1263 2913 132.
1279 2877 1399 2904 amios
1409 2876 1470 2907 ,ut
1482 2867 1577 2902 ratio
1589 2863 1819 2917 postulabat,
1830 2863 2013 2904 bisextum
2029 2865 2244 2908 tollendum

423 2927 503 2962 erit.
536 2918 886 2975 Qemadmodum
896 2919 1034 2959 enimsi
1043 2934 1112 2975 per
1121 2919 1373 2960 characterem
1383 2923 1577 2958 nouilunia
1590 2919 1827 2973 indagentur,
1845 2922 1934 2959 nulli
1944 2919 2020 2960 dies
2035 2918 2242 2971 wnyn'owg

423 2978 583 3018 tollendi
600 2976 683 3016 sunt
697 2975 782 3030 post
797 2988 873 3024 304
888 2990 1010 3015 annos
1023 2980 1062 3014 in
1075 2976 1205 3015 diebus
1215 2976 1515 3029 Iulianis,neque
1531 2974 1761 3030 (ςιπλείψεως
1771 2977 1856 3030 post
1874 2977 1947 3015 228
1962 2980 2003 3015 in
2012 2973 2243 3017 fotma‘I‘ro-

421 3038 509 3090 pica
517 3062 528 3078 ,
536 3037 624 3087 quia
637 3031 712 3087 ipsa
727 3029 937 3089 ‘ww-dynam}
955 3027 1161 3084 ωὸλαψς
1169 3031 1278 3071 nobis
1290 3031 1593 3087 imprudentibus
1608 3031 1739 3071 sensim
1752 3046 1819 3086 per
1832 3032 1868 3071 se
1879 3031 1955 3071 fine
1965 3044 2040 3088 ope
2048 3033 2173 3072 nostra
2183 3032 2238 3073 fit:

421 3090 472 3130 fic
484 3090 594 3130 nobis
604 3103 673 3143 per
684 3087 937 3127 charasterem
954 3092 1047 3126 anni
1057 3087 1215 3142 Tropici
1228 3092 1474 3128 neomeniam
1491 3091 1580 3126 anni
1596 3087 1904 3142 inuestigantibus
1915 3102 1996 3129 non
2010 3103 2107 3143 opus
2117 3089 2168 3128 est
2185 3089 2241 3128 bi-

420 3145 513 3186 sexti
522 3141 801 3200 peremptione,
812 3156 895 3197 quae
903 3142 981 3198 ipsa
991 3157 1059 3198 per
1067 3141 1113 3188 se,
1124 3144 1257 3182 nullius
1267 3148 1348 3198 opis
1361 3143 1494 3183 nostrae
1503 3143 1641 3198 indiga,
1656 3142 1857 3184 neccffario
1869 3145 1979 3184 nobis
1989 3158 2069 3184 non
2078 3144 2245 3184 sentim-2

420 3202 519 3243 tibus
532 3211 715 3240 occurret.
734 3199 827 3237 Hoc
843 3202 1031 3253 ignorauit
1048 3199 1216 3242 Clanius,
1228 3199 1304 3239 hoc
1320 3197 1473 3239 nesciuit
1483 3199 1596 3237 Lilius
1605 3200 1834 3239 au6torillius
1843 3199 2168 3248 Tetracofieterici
2177 3207 2251 3254 cy?

420 3259 478 3301 cli,
489 3261 591 3297 cuius
610 3259 722 3294 etiam
734 3251 869 3293 caussas
877 3260 1026 3309 penitus
1038 3269 1126 3295 eum
1135 3253 1324 3295 nesciuiffe
1341 3269 1386 3295 ex
1406 3255 1629 3294 Canonibus
1643 3255 1776 3295 nostris
1790 3253 2093 3311 intelligipotest.
2129 3255 2237 3308 ,Cy'cli

419 3318 497 3353 veri
513 3313 671 3366 Tropici
688 3310 876 3349 Tabulam
889 3314 930 3349 in
949 3312 1016 3351 illis
1032 3311 1239 3351 canonibus
1256 3310 1493 3366 exposuimus
1504 3337 1515 3354 ‚
1534 3311 1598 3350 ubi
1615 3311 1720 3350 litera
1733 3310 1872 3366 duplex
1885 3312 2135 3351 Dominicalis
2153 3324 2236 3349 non

419 3373 521 3422 prius
531 3371 744 3411 interuenit,
754 3379 869 3419 quam
876 3371 1037 3407 rationes
1048 3366 1157 3422 ipfius
1170 3365 1526 3408 Tetracosieteridos
1534 3367 1816 3421 postulant,h0c
1827 3368 1879 3407 est
1887 3368 1964 3407 nfic
1973 3379 2118 3422 quarto.
2128 3379 2235 3405 nunc

419 3424 555 3476 quinto
565 3438 668 3464 anno
680 3424 818 3463 exacto.
850 3422 965 3463 Nulla
971 3427 1074 3463 enim
1084 3427 1177 3463 ratio
1187 3424 1255 3463 alia
1263 3422 1536 3463 emendationis
1549 3423 1742 3462 Fastorum
1755 3427 1839 3462 iniri
1848 3424 1984 3478 potest,
1990 3433 2123 3477 praeter
2134 3434 2232 3466 eam,

420 3491 537 3530 quam
554 3479 734 3518 docemus
743 3506 754 3522 9
781 3490 860 3515 tam
872 3482 911 3518 in
923 3480 1029 3531 cyclo
1040 3479 1131 3517 Solis
1139 3508 1148 3521 ,
1161 3493 1276 3533 quam
1291 3484 1331 3519 in
1341 3479 1480 3518 Lunari
1489 3505 1499 3521 ,
1511 3483 1547 3517 δε
1555 3478 1584 3517 E
1588 3481 1701 3535 pastis
1708 3506 1720 3524 ,
1734 3482 1774 3518 in
1786 3480 1920 3533 quibus
1933 3478 2083 3518 Clauius
2095 3475 2231 3531 largius

417 3537 599 3589 peccauit,
606 3547 720 3588 quam
727 3538 768 3573 in
777 3532 869 3572 Solis
880 3535 998 3589 cyclo.
1007 3535 1229 3590 Etprimum
1239 3535 1395 3591 quidem
1404 3537 1578 3589 imperite
1587 3533 1753 3575 secunda
1763 3547 1934 3577 veterum
1942 3534 2230 3627 Gompffogum

1667 3596 1671 3597 ⁷
1999 3599 2078 3631 met
2109 3603 2132 3627 ο
2163 3603 2230 3629 um
