2366 4040
280 288 323 326 52
775 270 1716 314 EUSEBIIPAMPHILI

336 343 508 386 Vandali
523 345 564 385 in
578 344 712 384 Africa
731 344 1023 385 transfretantes
1033 344 1239 397 ingentem
1250 365 1263 385 ,
1283 338 1449 381 lacerata
1459 340 1571 380 omni
1588 343 1793 394 provincia
1806 376 1814 390 ,
1840 341 2038 386 Romanis
2057 348 2212 391 cladem

280 459 356 499 IX.
389 401 608 499 &Diffidam
620 459 761 499 Aetius
773 457 914 498 dedito
925 484 937 503 ,
950 453 1203 497 Bonifacium
1211 479 1222 499 ,
1243 453 1312 507 qui
1323 454 1371 494 ab
1382 454 1542 510 Regina
1552 456 1700 496 accitus
1711 470 1760 497 ex
1770 456 1907 498 Africa
1918 458 2047 501 fuerat
2060 488 2072 507 ,
2094 458 2212 503 decli-

394 529 493 556 nans
504 516 555 555 ad
567 516 781 555 munitiora
793 512 1036 554 conscendit.
1055 539 1060 547 .

337 572 536 626 Asperitas
548 573 662 612 nimii
673 571 828 627 frigoris
839 572 957 610 etiam
969 566 1079 606 saluti
1090 566 1351 621 plurimorum
1363 570 1557 623 pernicies
1568 570 1711 610 extitit.

336 628 566 669 Bonifacius
578 630 791 669 certamine
804 637 939 666 contra
951 623 1117 663 Aetium
1129 624 1267 665 habito
1278 626 1488 680 percussus,
1501 627 1627 667 vistor
1635 626 1817 681 quidem,
1831 628 1897 669 scd
1909 631 2121 671 moriturus
2131 632 2214 672 abs-

394 685 514 726 cedit.

278 741 330 782 X.
364 745 504 795 Qum
517 743 567 783 ad
580 742 846 783 Chunnorum
858 747 1035 794 gentem,
1048 738 1112 778 cui
1124 751 1218 778 tunc
1229 738 1391 792 Rugula
1401 753 1574 792 praeerat,
1586 742 1673 794 post
1684 741 1859 796 praelium
1870 743 1906 783 se
1919 745 2062 786 Aetius
2074 758 2214 787 contu-

392 800 548 843 tulisset,
558 800 771 851 impetrato
783 796 928 835 auxilio
940 795 991 835 ad
1003 796 1239 835 Romanum
1250 794 1377 833 solum
1388 796 1620 849 regreditur.

334 855 464 896 Gothi
476 856 525 895 ad
535 852 745 893 ferendum
756 852 946 892 auxilium
957 853 978 892 a
989 852 1185 891 Romanis
1196 851 1324 891 acciti.

334 912 556 951 Germanus
568 909 786 964 Episcopus
797 908 1048 949 Autifiodori
1058 907 1272 948 virtutibus
1284 912 1321 947 &
1332 908 1423 949 vitae
1435 906 1675 948 districtione
1684 907 1868 950 clarescit.

276 969 352 1008 XI.
385 968 528 1007 Aetius
538 968 579 1006 in
591 967 756 1021 gratiam
766 976 958 1020 receptus.

333 1024 496 1080 Rugula
507 1038 574 1064 rex
585 1023 869 1069 Chunnorum,
880 1036 972 1062 cum
983 1036 1065 1077 quo
1076 1036 1152 1076 pax
1159 1022 1324 1068 firmata,
1337 1024 1504 1062 moritur
1518 1037 1525 1061 :
1537 1022 1603 1061 cui
1614 1021 1738 1061 Blcda
1748 1021 1936 1063 succedit.

274 1082 372 1123 XII.
405 1081 536 1121 Gallia
546 1081 709 1121 ulterior
718 1079 967 1119 Tibatonem
985 1080 1208 1134 principem
1220 1079 1445 1120 rebellionis
1456 1078 1585 1118 secuta
1596 1080 1617 1117 a
1628 1078 1816 1118 Romana
1826 1079 2014 1123 societate
2027 1083 2192 1127 disceffit
2205 1105 2214 1127 :

389 1140 410 1179 a
421 1152 502 1192 quo
516 1138 637 1178 tracto
648 1137 780 1182 initio,
793 1136 929 1176 omnia
940 1150 1044 1190 pene
1056 1136 1276 1176 Galliarum
1288 1136 1444 1176 servitia
1454 1137 1496 1175 in
1509 1134 1740 1190 Bagaudam
1753 1136 2038 1191 conspiravere.

274 1196 395 1236 XIII.
427 1195 583 1235 Bellum
596 1205 733 1233 contra
751 1193 1083 1248 Burgundionem
1095 1204 1260 1248 gentem
1273 1191 1531 1233 memorabile
1544 1191 1700 1238 exarsit,
1722 1206 1804 1246 quo
1814 1194 1991 1237 universa
2005 1212 2109 1253 pene
2121 1213 2218 1254 gens

388 1266 479 1292 cum
492 1252 608 1306 Rege
621 1251 780 1290 Peretio
793 1249 936 1290 deleta.

272 1308 392 1349 XIV.
423 1309 558 1363 Capto
567 1308 775 1348 Tibatone
784 1311 821 1347 &
832 1307 981 1347 caeteris
992 1306 1194 1347 seditionis
1202 1306 1346 1361 partim
1358 1305 1602 1361 principibus
1613 1305 1756 1347 vindis
1768 1335 1780 1353 ,
1804 1309 1949 1362 partim
1961 1313 2110 1352 necatis
2118 1341 2129 1359 ,
2140 1315 2214 1354 Ba-

383 1366 601 1421 gaudarum
615 1365 839 1404 commotio
852 1364 1111 1418 conquiescit.
1909 1382 1912 1384 ψ

270 1422 366 1464 XV.
397 1421 707 1463 Theodofianus
717 1422 818 1462 liber
828 1422 1010 1461 omnium
1023 1421 1157 1475 legum
1168 1421 1441 1475 legitimorum
1454 1419 1686 1474 Principum
1699 1420 1740 1459 in
1754 1436 1881 1463 unum
1893 1422 2123 1465 collatarum
2136 1425 2214 1466 hoc

385 1480 560 1533 primu-m
572 1493 677 1519 anno
687 1477 829 1519 editus,
1396 1486 1400 1490 “

326 1536 474 1576 Silvius
484 1536 646 1576 turbatae
655 1534 878 1576 admodum
890 1535 1036 1576 mentis
1046 1562 1058 1581 ,
1078 1535 1166 1589 post
1177 1534 1325 1576 militiae
1341 1535 1383 1575 in
1393 1535 1548 1576 Palatio
1561 1537 1701 1578 exactae
1713 1550 1877 1579 munera
1891 1571 1899 1585 ,
1923 1538 2054 1593 aliqua
2066 1539 2116 1579 de
2129 1536 2214 1582 reli-

377 1595 504 1649 -gione
517 1593 739 1634 conscribit.

267 1650 385 1690 XVI.
416 1651 595 1691 Ecclefiae
608 1650 802 1691 Romanae
813 1650 1133 1706 quadragesimus
1145 1650 1233 1690 Leo
1245 1648 1411 1705 suscepit
1421 1651 1700 1706 principatum.

267 1707 410 1748 XVII.
441 1709 593 1748 Pacatis
606 1708 782 1748 motibus
794 1708 1013 1748 Galliarum
1027 1709 1169 1747 Aetius
1180 1708 1231 1747 ad
1247 1708 1404 1748 Italiam
1417 1708 1629 1763 egreditur.

326 1764 490 1805 Deserta
504 1765 724 1805 Valentinae
735 1766 842 1805 urbis
853 1779 951 1810 rura,
966 1764 1116 1811 Alanis,
1132 1765 1277 1819 quibus
1289 1764 1477 1804 Sambida
1487 1778 1660 1820 praeerat,
1673 1765 1881 1820 partienda
1894 1766 2114 1807 traduntur.

265 1820 429 1861 XVIII.
461 1822 675 1862 Britanniae
695 1822 816 1875 usque
828 1822 879 1862 ad
890 1823 969 1862 hoc
990 1833 1152 1876 tempus
1163 1822 1280 1862 variis
1297 1822 1784 1876 cladibuS,eventibusque
1796 1823 1881 1863 latae
1891 1824 1932 1862 in
1942 1822 2142 1865 ditionem
2154 1825 2215 1865 Sa-

376 1892 527 1917 xonum
540 1879 787 1933 rediguntur.

261 1934 384 1974 XIX.
408 1934 691 1987 Alani‚quibus
705 1946 812 1974 terrae
822 1935 960 1975 Galliae
969 1934 1163 1976 ulterioris
1173 1937 1221 1975 cu
1232 1936 1369 1976 incolis
1382 1934 1611 1977 dividendae
1621 1937 1821 1977 aPatricio
1834 1936 1957 1977 Ae'tio
1969 1937 2118 1978 traditae
2129 1939 2211 1980 fue-

377 2002 477 2036 rant,
487 1991 705 2031 refistentes
717 1992 831 2031 armis
841 1991 1048 2046 subigunt:
1069 1997 1106 2031 &
1116 1992 1282 2046 expulsis
1291 1992 1465 2032 dominis
1478 2005 1586 2033 terrae
1597 1992 1869 2047 poffeflionem
1880 1995 1922 2034 vi
1933 1994 2212 2049 adipiscuntur.

263 2048 361 2088 XX.
394 2047 591 2088 Sabaudia
604 2047 941 2103 Burgundionum
953 2047 1126 2101 reliquiis
1136 2048 1254 2089 datur
1265 2063 1357 2088 cum
1369 2049 1568 2103 indigenis
1578 2049 1812 2088 dividenda.

262 2105 383 2144 XXI.
403 2104 608 2158 Carthago
620 2106 640 2144 a
649 2104 839 2144 Vandalis
851 2117 943 2143 cum
953 2105 1067 2142 omni
1077 2105 1189 2142 simul
1202 2104 1616 2156 Africalachrymabili
1624 2104 1738 2143 clade
1751 2109 1790 2143 &
1802 2105 1954 2144 damno
1965 2108 2209 2160 imperiiRo-

377 2161 486 2201 mani
499 2161 720 2214 potentiam
734 2160 895 2212 dejecit.
927 2173 976 2199 ex
996 2160 1073 2198 hoc
1088 2160 1242 2213 quippe
1255 2160 1276 2198 a
1288 2158 1478 2199 Vandalis
1485 2158 1712 2213 possidetur.

262 2218 407 2258 XXII.
437 2218 612 2257 Thracia
622 2217 893 2256 Chunnorum
903 2215 1124 2255 incursione
1134 2216 1377 2255 concutitur.

263 2274 427 2314 XXIII.
460 2273 585 2313 Blcda
595 2273 865 2313 Chunnorum
876 2272 969 2313 Rex
980 2273 1115 2312 Attilae
1126 2272 1253 2312 fratris
1262 2271 1400 2311 fraude
1410 2275 1644 2325 peremitur,
1662 2275 1725 2312 cui
1736 2273 1816 2327 ipse
1825 2273 2013 2316 succedit.

261 2330 426 2371 XXIV.
457 2331 580 2370 Nova
591 2331 735 2370 iterum
749 2329 911 2370 Orienti
922 2328 1123 2385 consurgit
1133 2331 1246 2369 ruina
1257 2355 1268 2374 ,
1291 2343 1369 2381 qua
1380 2328 1629 2384 septuaginta
1640 2343 1724 2369 non
1736 2331 1867 2370 minus
1879 2332 2060 2373 civitates
2070 2333 2208 2375 Chun-

376 2401 519 2427 norum
532 2386 828 2441 depraedatione
838 2387 1004 2431 vastatae,
1015 2400 1140 2440 quum
1153 2385 1260 2426 nulla
1270 2385 1319 2424 ab
1331 2384 1665 2426 Occidentalibus
1674 2385 1868 2428 ferrentur
1876 2389 2028 2429 auxilia.

262 2444 402 2485 XXV.
436 2445 654 2484 Meroveus
663 2456 801 2498 regnat
812 2444 853 2483 in
867 2443 1041 2484 Francia.

318 2501 526 2541 Eudoxius
535 2512 614 2541 arte
627 2502 806 2541 medicus
819 2528 829 2546 ,
848 2501 958 2554 pravi
969 2499 1035 2540 sed
1048 2501 1261 2541 exercitati
1271 2500 1426 2555 ingenii
1437 2527 1449 2547 ,
1470 2500 1512 2540 in
1523 2499 1713 2555 Bagauda
1723 2499 1767 2539 id
1779 2503 1970 2555 temporis
1982 2515 2093 2544 mota
2105 2505 2208 2546 dela-

377 2569 455 2605 tuS,
465 2557 516 2598 ad
529 2558 727 2599 Chunnos
739 2557 934 2612 confugit.

261 2614 423 2655 XXVI.
456 2615 671 2656 Eucherius
692 2614 972 2671 Lugdunensis
989 2614 1207 2670 Episcopus
1228 2613 1454 2655 &Hilarius
1466 2613 1706 2654 Arelatensis
1715 2616 1917 2670 egregiam
1939 2617 2064 2656 vitam
2079 2630 2209 2660 morte

374 2672 663 2712 consummant.
1894 2677 1900 2680 “

261 2727 446 2769 XXVII.
478 2729 644 2769 Haercfis
655 2729 802 2769 nefaria
812 2730 832 2768 a
845 2728 1022 2782 quodam
1030 2728 1355 2769 Archimandrita
1366 2741 1573 2768 commota
1592 2755 1603 2775 ,
1616 2727 1869 2768 cuifavorem
1882 2730 2207 2783 praebensTheo-

376 2786 507 2825 dosius
518 2787 632 2832 obiit,
644 2786 794 2840 septem
807 2786 919 2840 super
929 2787 1074 2841 viginti
1085 2787 1197 2827 annis
1208 2787 1250 2826 in
1259 2786 1430 2839 imperio
1442 2785 1598 2825 exastis.
1623 2786 1704 2825 Cui
1716 2786 1940 2824 Martianus
1952 2785 2204 2828 substituitur.

316 2842 490 2882 Placidia
502 2857 666 2896 quoquc
677 2843 762 2897 post
773 2842 1155 2897 irreprehensibilem
1164 2842 1509 2882 conversationem
1521 2841 1597 2881 hoc
1610 2856 1715 2881 anno
1726 2842 1852 2881 vitam
1867 2843 2139 2895 explevit,filio
2150 2846 2204 2885 vi-

376 2899 565 2939 cesimum
579 2901 765 2952 quintum
779 2913 928 2938 annum
939 2900 981 2938 in
993 2899 1076 2953 ipso
1090 2899 1403 2939 consummante.

263 2954 1225 2997 VALENTINIANUSETMARTIANUS.
1331 3003 1334 3005 ¹

260 3013 294 3052 I.
325 3011 414 3052 Hac
428 3013 660 3066 tempestate
679 3012 795 3052 valde
807 3012 1033 3052 miserabilis
1052 3012 1304 3067 Reipublicae
1323 3010 1440 3051 status
1459 3012 1640 3065 apparuit
1651 3039 1662 3057 ,
1682 3026 1807 3065 quum
1820 3026 1869 3052 ne
1890 3027 1967 3053 una
1980 3013 2145 3067 quidem
2158 3014 2203 3054 fit

375 3068 519 3121 absque
534 3070 696 3109 barbaro
716 3069 867 3109 cultore
884 3070 1094 3109 Provincia
1114 3087 1120 3109 :
1146 3068 1355 3109 &infanda
1374 3069 1634 3108 Atrianorum
1646 3068 1793 3110 haerefis
1802 3097 1812 3115 ,
1832 3084 1917 3123 quae
1929 3070 1965 3110 se
1976 3071 2203 3111 nationibus

374 3124 542 3165 barbaris
556 3126 722 3172 miscuit,
734 3126 938 3166 catholicae
949 3140 1098 3166 nomen
1112 3126 1205 3166 fidei
1216 3137 1307 3166 toto
1319 3124 1414 3164 orbe
1428 3124 1568 3164 diffusa
1581 3125 1797 3179 praesumat.

315 3181 447 3221 Attila
468 3182 614 3221 Gallias
625 3183 810 3237 ingressus
827 3183 932 3236 quasi
940 3184 1026 3236 jure
1039 3182 1219 3224 debitam
1237 3182 1364 3237 poscit
1375 3195 1542 3221 uxorem
1564 3198 1571 3221 z
1594 3182 1664 3221 ubi
1672 3184 1785 3237 gravi
1796 3182 1908 3223 clade
1925 3183 2075 3224 inflicta
2087 3189 2125 3225 ὃ(
2140 3199 2201 3224 ac-

374 3249 502 3292 cepta,
516 3239 563 3277 ad
578 3240 735 3293 propria
746 3239 907 3279 recedit.

258 3297 312 3337 II.
344 3294 516 3334 Plurima
528 3295 605 3334 hoc
619 3310 726 3335 anno
739 3296 844 3351 figna
855 3307 1130 3350 apparuerunt.

313 3350 516 3404 Insperata
528 3352 567 3389 in
581 3352 720 3391 Galliis
732 3352 843 3392 clade
864 3365 1026 3408 accepta
1037 3354 1204 3394 furiatus
1224 3354 1353 3394 Attila
1365 3355 1521 3396 Italiam
1540 3354 1644 3407 petit
1656 3380 1668 3399 ,
1691 3366 1812 3406 quem
1825 3353 1965 3393 incolae
1985 3365 2096 3394 metu
2118 3354 2200 3394 solo

371 3408 495 3447 territi
507 3408 683 3461 proclidio
696 3408 910 3449 nudavere.
1076 3451 1078 3453 ,

255 3464 520 3519 III.Synodus
530 3466 566 3504 C
572 3464 923 3504 halcedonefis.ubi
932 3467 1758 3523 EutycheDioscoroq3d¹ZinatiS‚omnes,qui
1767 3466 1804 3506 se
1813 3466 1861 3506 ab
1873 3468 1928 3507 eis
1939 3479 2193 3514 retraxerunt,

369 3523 411 3562 in
421 3535 509 3560 com
517 3522 707 3560 munione
719 3522 1115 3574 recepti,confirmata
1124 3523 1392 3565 universaliter
1403 3525 1583 3578 fide,quae
1593 3523 1644 3563 de
1654 3524 2053 3564 incarnationeVerbi
2063 3524 2195 3564 secun-

373 3578 470 3619 dum
481 3577 763 3633 Euangelicam
772 3605 784 3624 ,
799 3582 835 3618 ὃ(
848 3580 884 3620 A
889 3579 1121 3632 postolicam
1133 3581 1314 3623 dostrina
1324 3596 1394 3636 per
1403 3581 1577 3622 sanetum
1589 3581 1736 3635 Papam
1749 3581 1890 3621 Leone
1900 3580 2195 3678 praedicabiatulr.

2113 3649 2160 3678 tti
2176 3653 2198 3679 a
