2366 4040
303 302 1050 353 ’CHRONICORUM
1109 300 1395 349 LIBER
1452 300 1759 348 PRIOR.
1942 311 1986 363 gi

126 383 182 439 pli
200 382 323 423 altero
343 394 448 422 anno
467 377 576 419 Darii
596 376 716 417 fuerit
734 376 931 430 expletus,
953 374 1190 417 domesticus
1200 377 1255 417 est
1268 376 1373 417 testis
1383 377 1593 417 Zacharias
1604 378 1802 431 Propheta
1817 376 1991 419 secundo

127 451 232 481 anno
243 439 353 480 Darii
364 439 416 478 ita
428 435 564 474 dicens
576 449 583 473 z
594 438 738 473 Domine
748 437 954 489 omnipotens
966 460 975 476 ,
995 432 1163 487 quousque
1173 433 1378 487 miſsreberia
1389 434 1576 487 Iernsszlem
1585 462 1595 480 ‚
1620 435 1664 481 ό*
1675 434 1878 475 civitatib-us
1889 438 1988 483 Iuda,

126 514 212 553 quas
223 490 724 552 diffextfflhicftptuagestmus
738 505 845 530 armus
854 491 900 543 cst
912 494 929 528 ?
947 489 1426 546 Templumjerosolymis
1438 491 1745 538 consummatur,
1756 493 1995 546 prophetari*

127 554 232 594 tibus
243 547 508 606 apudJudaeos
520 549 687 603 Aggaeo,
700 551 737 586 ὃ(
746 546 946 586 Zacharia.
1098 550 1102 561 ¹

71 611 276 666 Olympias
285 617 382 650 va,
394 604 435 644 in
452 618 530 657 qua
547 603 745 644 Persarum
757 603 856 657 regis
867 602 977 642 Darii
994 601 1063 641 filii
1081 602 1280 657 Hystaspis
1292 603 1368 644 fuit
1378 617 1501 644 annus
1512 604 1717 645 secundus
1748 605 1995 661 Pythagoras

125 665 307 721 Phyficus
316 659 576 714 Philosophus
587 660 709 700 clarus
719 659 895 699 habetur.
927 660 1183 713 Hipparchus
1202 664 1238 707 ὃς
1259 660 1428 715 Hippias
1442 661 1610 701 Athenis
1621 662 1875 716 tyrannidem
1886 676 1992 702 exer*

124 733 226 762 cent.
256 717 502 760 Harmodius
521 721 558 757 &
581 716 828 771 Aristogiton
841 715 1118 770 Hipparchum
1131 726 1339 770 tyrannum
1352 717 1651 758 interfecerunt:
1672 723 1709 758 δε
1722 718 1861 758 Leaena
1872 732 1994 758 mere‘

121 779 195 818 trix
203 776 328 816 amica
338 787 491 819 eorum,
502 787 628 827 quum
638 774 848 813 tormentis
858 784 1080 828 cogeretur,
1089 785 1134 812 ut
1145 773 1269 812 socios
1278 774 1476 828 proderet,
1488 775 1663 829 linguam
1676 774 1781 820 suam
1794 775 1996 816 mordicus

117 833 349 886 amputavit.
381 831 495 871 Mare
506 829 767 870 obtinuerunt
779 829 976 884 AEginetae
985 844 1072 869 ann.
1086 845 1153 875 xx,
1164 829 1285 883 usque
1296 831 1346 870 ad
1359 830 1559 870 transitum
1574 831 1730 871 Xerxis.
1761 832 1995 872 Hellanicus

118 881 464 945 historiographus,
479 892 516 927 &
526 886 780 926 Democritus
791 885 1047 938 philosophus
1057 912 1068 930 ,
1082 891 1119 924 &
1129 887 1356 924 Heraclitus
1369 898 1642 938 cognomento
1653 888 1908 928 Tenebrosus
1919 917 1931 935 ,
1955 893 1994 928 δε

115 949 369 1001 Anaxagoras
378 943 532 998 Physici
542 942 633 982 clari
644 941 848 981 habentur.
880 941 1125 994 Pythagoras
1135 939 1394 993 philosophus
1404 943 1580 979 moritur.
1613 942 1821 997 AEschylus
1829 947 1996 1001 Tragos*

115 1002 269 1043 diarum
282 1002 444 1055 scriptor
451 999 681 1055 agnoscitur.
713 995 883 1041 Bellum,
895 995 1007 1049 quod
1018 998 1059 1035 in
1073 995 1310 1035 Marathone
1323 995 1477 1050 gestum
1487 997 1551 1042 est,
1568 1001 1605 1036 ὃς
1614 1011 1671 1042 ea,
1683 1012 1768 1050 quae
1780 1000 1830 1039 de
1842 1003 1995 1041 Miltia-v

116 1060 168 1100 de
179 1060 419 1103 scribuntur,
442 1060 478 1094 δε
491 1052 684 1099 Aristide,
702 1053 772 1107 qui
793 1051 1299 1108 cognominabaturJustuS.
1330 1052 1644 1108 PanyasisPo‘e‘ta
1656 1053 1994 1097 habeturillustris.

116 1116 315 1172 AEgyptus
324 1108 472 1155 recessit
482 1110 646 1151 aDario.
678 1109 783 1149 Gelo
795 1109 972 1149 obtinuit
982 1108 1196 1163 Syracusas,
1227 1109 1416 1149 Pindarus
1429 1114 1465 1149 ὃς
1479 1110 1707 1150 Simonides
1718 1110 1851 1166 Lyrici
1863 1113 1995 1153 Poctae

116 1173 284 1227 insignes
293 1170 498 1210 habentur.
530 1167 684 1208 Xerxes
696 1166 922 1221 ngyptum
930 1168 1047 1220 capit.
1079 1164 1270 1206 Aristides
1282 1179 1374 1205 cum
1387 1166 1610 1221 ignominia
1629 1167 1794 1221 ejicitur.
1827 1169 1997 1210 elmeri-

115 1229 174 1269 lus
189 1233 227 1268 δε
244 1225 490 1281 Phrynichus
501 1220 662 1264 illustres
674 1222 881 1263 habentur.
912 1223 1106 1279 Diagoras
1117 1221 1352 1277 agnoscitur,
1366 1222 1619 1263 &seffitatores
1639 1221 1722 1277 ejus
1741 1225 1896 1280 Physsci
1907 1220 1999 1267 Phi*

114 1284 276 1339 losophi.
307 1284 475 1327 Xerxes,
487 1295 613 1334 quum
627 1279 808 1320 Athenas
819 1279 983 1320 venisset
995 1308 1006 1325 ,
1027 1279 1209 1331 incendit
1221 1279 1359 1320 urbem
1372 1279 1442 1319 sub
1453 1280 1634 1334 Principe
1655 1281 1792 1321 Callia.
1826 1283 1997 1330 Bellum,

113 1341 226 1395 quod
236 1342 278 1381 in
286 1338 572 1393 Thermopylis
583 1337 737 1393 gestum
749 1337 818 1383 est,
832 1341 869 1376 &
879 1336 986 1391 apud
999 1336 1196 1376 Salamina
1205 1336 1342 1377 navale
1353 1348 1566 1376 certamen.
1603 1337 1868 1379 Athenienses
1884 1341 1998 1380 Pirae-

112 1412 205 1438 eum
217 1411 332 1437 muro
343 1396 500 1436 vallant.
530 1394 689 1434 Hieron
700 1393 892 1449 Syracusis
904 1406 1052 1449 regnat.
1085 1393 1293 1448 AEschylus
1311 1392 1573 1449 Tragoediaru
1581 1407 1618 1433 m
1641 1393 1803 1448 scriptor
1822 1397 1997 1451 agnosci*

112 1465 186 1495 tur.
218 1454 373 1495 Bellum
385 1453 426 1492 in
434 1451 683 1492 Plataeis&in
696 1450 868 1506 Mycale.
901 1451 1060 1494 Hieron
1070 1451 1381 1506 postrGelonem
1402 1449 1597 1506 Syracufis
1613 1451 1864 1504 tyrannidem
1885 1467 1994 1494 exer-

112 1523 188 1552 cet.
218 1511 411 1552 Pindarus
430 1508 555 1548 clarus
574 1508 754 1548 habetur.
784 1507 1080 1548 Themistocles
1096 1508 1137 1548 in
1154 1507 1284 1548 Perias
1302 1507 1416 1562 fugit.
1450 1507 1669 1561 Sophocles
1687 1508 1997 1563 Tragoediarum

111 1568 274 1622 scriptor
282 1567 454 1622 primum
468 1566 619 1621 ingenii
629 1565 686 1605 sui
696 1579 815 1619 opera
827 1565 1057 1619 publicavit.
1090 1565 1309 1620 Sophocles
1321 1569 1357 1604 ὃ(
1369 1564 1576 1619 Euripides
1588 1565 1678 1604 clari
1691 1565 1897 1606 habentur.
1913 1567 1998 1607 He⁸3

109 1626 275 1666 rodotus
285 1624 531 1665 historiarum
544 1622 706 1676 scriptor
713 1621 946 1677 agnoscitur.
979 1621 1240 1677 Bacchylides
1252 1626 1288 1662 &
1299 1621 1493 1677 Diagoras
1503 1621 1660 1662 Atheus
1672 1622 1845 1676 plurimo
1855 1623 1996 1663 sermo-⁶

110 1693 162 1721 ne
172 1681 429 1722 celebrantur.
459 1679 610 1720 Zeuxis
621 1679 821 1734 praeclarus
831 1679 958 1733 pistor
969 1678 1192 1734 agnoscitur
1203 1706 1214 1725 ,
1235 1693 1283 1718 ex
1293 1678 1402 1732 cujus
1411 1678 1610 1719 nonnullis
1620 1679 1862 1733 imaginibus
1873 1707 1884 1725 ,
1899 1694 1997 1734 quas

109 1738 296 1793 plurimas
313 1737 420 1792 apud
441 1735 609 1777 diversas
626 1737 804 1777 civitates
816 1736 962 1782 fecerat
971 1764 982 1782 ,
1003 1738 1202 1777 lavacrum
1222 1736 1499 1791 Byzantinoru
1506 1749 1545 1774 m
1556 1762 1566 1781 ,
1588 1735 1997 1791 arbitramurappellaa

92 1830 95 1833 ,
111 1807 209 1835 tum.
239 1793 530 1835 Themistocles
542 1792 678 1832 hausto
692 1794 793 1836 tauri
806 1793 993 1849 sanguine
1008 1793 1183 1833 moritur.
1216 1794 1398 1832 Socrates
1407 1792 1588 1832 nascitur.

55 1846 175 1893 Pulfis
186 1851 237 1892 ad
248 1849 363 1892 Urbe
376 1850 571 1906 Regibus,
584 1850 651 1890 vix
666 1849 785 1903 usque
798 1849 849 1890 ad
865 1865 917 1890 xv
928 1850 1102 1904 lapidem
1114 1851 1249 1890 Roma
1261 1849 1423 1890 tenebat
1433 1850 1658 1903 imperium.
1691 1847 1871 1890 Valerius
1881 1851 1994 1891 Bruti

111 1908 265 1964 collega
276 1908 379 1948 adeo
391 1921 540 1962 pauper
549 1917 728 1945 mortuus
738 1906 794 1946 est
803 1933 814 1952 ,
829 1918 874 1946 ut
884 1907 1040 1960 sumptu
1055 1907 1217 1960 publico
1238 1905 1475 1959 sepeliretur,
1508 1905 1642 1945 Censu
1663 1905 1808 1945 Romae
1828 1908 2009 1962 agitatO,

110 1966 277 2007 inventa
286 1964 375 2010 sunt
386 1964 597 2003 hominum
609 1977 685 2002 cxx
698 1962 830 2001 millia.
861 1963 991 2003 Nono
1003 1976 1107 2001 anno
1116 1963 1202 2015 post
1211 1962 1367 2001 exastos
1378 1963 1514 2015 Reges
1526 1975 1630 2000 nova
1642 1961 1815 2016 dignitas
1826 1964 1879 2001 est
1890 1977 1994 2003 crea-

112 2032 165 2066 ta,
176 2021 380 2061 Difmtura
391 2019 550 2062 scilicet,
564 2021 601 2056 &
613 2017 805 2072 Magister
815 2017 1020 2070 Equitum,
1036 2019 1105 2070 qui
1119 2017 1313 2057 Distatori
1322 2017 1612 2070 obsequeretur.
1648 2017 1831 2058 Dictator
1843 2020 1994 2072 primus

111 2077 145 2116 L
161 2091 186 2116 A
199 2091 228 2117 R
239 2089 266 2114 G
276 2090 290 2115 1
306 2089 330 2114 u
341 2089 380 2114 s:
400 2074 592 2128 Magister
602 2073 796 2124 Equitum
816 2073 841 2113 S
854 2088 875 2112 P
889 2087 913 2111 u
926 2087 957 2111 R
969 2088 984 2112 1
998 2087 1023 2110 u
1037 2088 1055 2112 s
1078 2074 1115 2113 C
1130 2090 1156 2113 A
1171 2089 1188 2113 s
1206 2088 1223 2112 s
1238 2088 1252 2112 1
1267 2087 1292 2111 u
1305 2087 1323 2111 s
1345 2072 1433 2112 fuit.
1465 2072 1600 2113 Volsci
1610 2074 1799 2114 Coriolos
1809 2076 1992 2127 perdide-

109 2145 212 2172 runt.
243 2131 379 2171 Latini
399 2140 537 2169 contra
556 2127 768 2175 Romanos
787 2127 1086 2172 rebellaverunt.
1118 2128 1676 2182 RomaepopulusaPatribus
1688 2129 1788 2169 facta
1798 2130 1994 2172 seditione

109 2188 289 2229 discedit.
320 2187 510 2231 Marcius,
522 2185 592 2238 qui
604 2183 789 2224 Coriolos
802 2195 959 2238 ceperat
970 2211 982 2230 ,
999 2184 1227 2225 interventu
1241 2186 1375 2224 matris
1386 2183 1560 2224 Veturiae
1574 2189 1611 2228 8<
1621 2187 1750 2225 uxoris
1760 2185 1990 2228 Tolumniae

112 2245 161 2285 ab
173 2244 475 2299 oppugnatione
485 2241 591 2285 urbis
603 2241 776 2281 removit
786 2241 1016 2281 exercitum.
1033 2255 1108 2280 ccc
1120 2241 1291 2282 Nobiles
1306 2240 1436 2280 Fabiae
1447 2239 1602 2280 familiae
1614 2242 1634 2281 a
1643 2241 1882 2295 Vejentibus
1894 2245 1987 2285 cccli.

113 2305 253 2354 Qum
263 2301 304 2340 in
322 2300 473 2355 Algido
493 2307 630 2338 monte
641 2298 821 2337 Romani
833 2297 978 2338 milites
989 2297 1264 2338 obsiderentur
1276 2325 1287 2344 ‚
1309 2298 1330 2337 a
1341 2296 1545 2337 Dictatore
1556 2299 1729 2350 Qintio
1745 2300 1994 2342 Cincinnato

112 2358 266 2399 liberati
277 2357 374 2397 sunt.
407 2358 551 2397 Romae
560 2356 672 2408 virgo
680 2355 778 2394 Pom
785 2355 877 2408 pilia
889 2354 1131 2409 deprehensa
1140 2356 1183 2395 in
1194 2355 1326 2411 stupro
1334 2355 1424 2395 viva
1445 2348 1595 2395 'defossa
1615 2355 1682 2396 est.
1715 2356 1862 2407 Romae
1880 2360 1995 2414 virgo

115 2415 234 2455 Sunia
243 2412 483 2469 deprehensa
494 2414 535 2453 in
547 2412 677 2466 stupro
687 2411 780 2452 Viva
790 2410 936 2453 defossa
947 2411 1012 2452 est.

578 2520 1100 2568 PERSARUM
1158 2519 1469 2568 RE‘GES.

232 2635 352 2681 Persis
364 2641 544 2696 regnavit
554 2639 678 2680 sextus
698 2642 739 2680 A
750 2654 779 2680 R
793 2654 817 2680 T
832 2655 857 2680 A
873 2654 895 2679 Β
906 2655 932 2680 A
943 2656 973 2682 N
988 2655 1013 2682 u
1025 2657 1043 2682 s
1065 2640 1183 2681 mens.
1197 2655 1279 2687 vn,-
1292 2641 1363 2694 qui
1374 2638 1576 2681 mensesin

347 2698 487 2735 ordine
498 2705 692 2736 annorum
705 2709 947 2750 reputantur.

231 2752 353 2793 Pei-fis
362 2753 543 2807 regnavit
552 2751 738 2806 septimus
760 2754 1058 2794 ARTAXERXES
1070 2780 1081 2799 ,
1103 2754 1173 2808 qui
1190 2754 1496 2794 LONGIMANus
1510 2762 1577 2792 cos
1632 2790 1650 2808 ·

347 2809 653 2863 gnominabatur
665 2842 673 2856 ‚
1497 2859 1500 2861 -
1608 2821 1697 2848 aun.
1729 2816 1796 2848 xta

234 2865 354 2905 Persis
365 2867 546 2920 regnavit
554 2865 716 2913 ostavus
726 2864 911 2906 XERXES
933 2864 1125 2906 secundus
1137 2865 1288 2906 menses
1299 2880 1312 2905 1
1320 2880 1348 2906 1.
1360 2865 1446 2919 post
1457 2878 1578 2919 quem
1790 2875 1792 2877 ’

193 2914 229 2942 *⁶
353 2922 632 2962 SonANu
653 2938 670 2962 s
695 2922 1079 2963 nonusmensesvn.
1752 2972 1755 2975 Ι

234 2975 354 3016 Perfis
364 2979 541 3030 regnavit
551 2978 731 3033 decimus
748 2980 788 3020 D
801 2993 828 3019 A
843 2993 873 3019 R
888 2994 903 3019 1
914 2992 939 3018 u
953 2994 971 3019 s
991 2990 1264 3035 cognomento
1283 2978 1362 3020 No
1374 2992 1397 3018 r
1411 2993 1439 3018 H
1450 2993 1475 3018 u
1488 2993 1506 3018 s
1607 2991 1696 3017 ann.
1727 2991 1813 3018 xlx.

526 3079 1153 3126 MACEDONUM
1208 3080 1521 3126 REGES.

236 3173 532 3217 Macedonibus
543 3179 720 3233 regnavit
741 3189 785 3218 xi
807 3179 838 3218 P
852 3192 874 3218 Ε
887 3194 917 3219 R
930 3193 956 3218 D
966 3193 981 3218 1
996 3192 1018 3217 c
1031 3193 1053 3218 c
1065 3187 1092 3219 Α
1607 3193 1696 3219 arm.
1735 3184 1896 3220 xxviii.-

235 3231 531 3274 Macedonibus
543 3236 723 3290 regnavit
741 3249 807 3275 x11
831 3236 869 3274 A
881 3249 910 3275 R
921 3249 980 3275 cu
990 3248 1013 3274 Ε
1027 3251 1052 3275 L
1066 3250 1092 3276 A
1105 3249 1158 3276 us
1608 3249 1696 3276 ann.
1732 3249 1845 3276 xxiv.

1031 3337 1034 3339 ,
1190 3345 1194 3348 ⁴
1248 3336 1251 3339 ,
1416 3321 1431 3339 ο

698 3335 1348 3383 ROMANORUM.
1447 3366 1452 3375 ·

465 3434 507 3476 T
518 3445 548 3476 'R
562 3451 576 3476 1
592 3449 614 3476 Β
624 3450 647 3475 u
661 3451 691 3476 N
704 3452 732 3477 1.
1289 3439 1293 3445 '
1399 3422 1405 3431 ²

62 3545 130 3593 Ea,
144 3561 228 3601 quae
240 3545 291 3586 de
302 3543 441 3587 Esther
452 3494 905 3604 δεῡλῗτῗιὲἔὲἔεζοῆἓήρτει
916 3550 1003 3602 sunt
1012 3579 1022 3598 ,
1035 3548 1198 3605 quidam
1210 3551 1403 3592 affirmant
1422 3551 1492 3592 sub
1506 3552 1722 3592 Artaxerxe
1741 3548 1845 3606 gesta
1858 3567 1865 3590 t
1878 3543 1989 3603 quod

119 3617 194 3658 ego
206 3618 285 3643 non
295 3617 406 3658 puto.
425 3619 629 3658 nunquam
641 3607 748 3647 enim
765 3606 903 3647 Esdras
919 3607 970 3649 de
983 3608 1303 3706 Esthegiluiffet:
1327 3610 1397 3664 qui
1408 3608 1553 3663 scripsit
1564 3609 1640 3648 hoc
1653 3621 1833 3661 tempore
1844 3606 1988 3700 {ligur

1165 3678 1192 3717 4
1359 3674 1361 3677 -
1879 3676 1890 3685 ,
1952 3676 1989 3699 C-
