2366 4040
352 241 430 285 344-
643 218 1946 271 CANON'VMISAGOGICORVM

406 295 458 337 τὶν
469 293 565 336 dini?
573 289 734 336 Bsazro'rlw
743 295 799 342 χρᾷ
810 285 1090 337 952002172227521'110&
1097 291 1232 346 κοιτέχε
1242 290 1304 330 du>
1310 289 1468 344 aspzlcdji
1475 290 1526 330 τὶν
1534 289 1786 335 {fflaesvffc'aasivg
1798 285 1906 328 παῖδα
1915 292 1958 332 εἷς
1965 289 2000 328 rb
2012 281 2115 345 Φρέοὶρ
2122 292 2234 343 '²142‘-

406 351 476 394 λῶν
490 351 555 406 ἔφη
568 352 653 396 vacas
668 349 888 400 Katom'rqu
898 377 908 394 ‚
922 343 1134 394 ὢώκονῇτὶν
1152 351 1245 396 χῆνα.
1256 349 1408 398 ἔμπα-ἕν
1416 375 1428 391 >
1445 346 1464 393 ἥ
1473 346 1582 402 μανίᾳ
1596 345 1651 386 ‘rivi
1664 347 1876 402 παρελήρηπν
1899 340 1964 384 3917x
1975 348 2001 387 κι8
2010 345 2140 398 μύλης,
2163 353 2234 388 &c.

405 408 482 449 Sed
493 411 581 462 quia
589 407 666 447 duo
680 406 855 445 Archelai
868 406 1035 449 fuerunt,
1048 419 1129 445 non
1139 404 1241 448 estis,
1252 408 1317 458 qui
1326 403 1505 443 Diodoro
1520 403 1744 442 undecimus
1757 401 1891 442 ordine
1902 402 1966 447 est,
1980 402 2041 441 sed
2054 407 2119 456 qui
2129 417 2239 457 quara

405 465 634 504 tusdecimus
647 460 822 516 Eusebio.
835 467 873 500 ετ
894 461 1071 514 ὁμωνυμία,
1084 465 1285 516 imponere
1294 459 1419 515 potest
1427 463 1543 498 etiam
1555 455 1866 499 accuratiffimisss'
1877 465 1886 470 ““
1910 477 1914 481 ·

349 518 621 577 Colltgunturab
631 521 738 558 initio
751 522 895 562 Caram,
904 518 953 557 ad
964 521 1101 557 exitum
1110 517 1220 570 Perstz‘
1230 545 1241 562 ,
1259 520 1348 555 anni
1369 517 1503 572 nexta]
1538 515 1758 556 Secundum
1776 514 1977 554 Eusebium
1999 518 2036 552 &
2052 513 2242 569 Excerpta

404 574 701 620 barbarolatina,
726 575 1071 629 biennioamplius,
1094 578 1236 611 ffixiv‘n,
1270 574 1388 612 Recte
1408 587 1498 612 vero
1512 573 1701 627 Excerpta
1720 574 1925 626 imperium
1937 569 2240 611 Macedonicum

402 635 611 673 terminant
627 645 728 670 anno
742 634 868 686 primo
882 629 1122 685 Olympiadis
1142 636 1233 667 διΤιι.
1268 629 1321 667 Illi
1343 632 1445 667 enim
1458 642 1562 668 anno
1575 631 1755 683 congruit
1776 626 2002 667 Consulatus
2026 627 2068 666 L.
2087 628 2238 677 Aemilij

405 687 522 728 Paulli
534 715 543 729 ‚
566 688 613 727 C.
626 687 761 737 Licinij
774 687 892 727 Crassi
902 715 911 728 ‚
930 687 994 725 sub
1006 690 1131 740 quoin
1140 685 1375 725 Macedonia
1385 685 1616 724 debellatum
1629 683 1775 723 Persem
1790 681 1894 722 fuiffe
1905 682 2067 722 constat.
2102 684 2241 737 Qare

401 743 544 792 euetfio
565 747 672 798 regni
688 743 941 783 Macedoniciv
954 746 1143 798 competit
1160 746 1199 781 in
1217 756 1362 781 annum
1383 750 1492 792 4546
1511 741 1658 795 periodi
1674 741 1840 779 Iulianae.
1875 739 2051 792 Polybius
2067 740 2114 778 ab
2131 743 2239 779 initio

403 799 571 855 Philippi
583 800 785 854 penultimi
797 799 1063 839 Macedonum
1077 803 1186 853 regis,
1197 798 1245 838 ad
1258 798 1489 838 debellatum
1498 796 1649 841 Persen,
1677 803 1715 836 &
1731 795 1848 836 finem
1861 799 1968 849 regni
1979 795 2237 839 Macedonici>

401 869 513 912 putat
525 870 647 896 annos
656 855 791 896 solidos
809 860 882 894 ffiT.
908 856 1044 910 quibus
1057 855 1225 894 deduffis
1237 854 1285 894 de
1303 864 1421 904 4546,
1445 866 1617 893 remanet
1626 867 1746 893 annus
1762 865 1844 901 449
1849 866 1880 902 3,
1899 855 2049 890 initium
2061 852 2239 906 Philippi.

401 912 567 952 Adieffis
577 917 685 952 annis
699 919 760 949 iffi
777 917 882 952 reoni
895 917 982 956 eius,
1003 915 1254 967 componitur
1263 925 1383 950 annus
1403 924 1450 962 45
1455 925 1494 962 35
1505 938 1514 952 ,
1537 914 1690 949 initium
1702 907 1843 953 Persei,
1858 921 2019 946 numero
2031 907 2239 947 Eusebiano

400 974 634 1004 amm
644 997 654 1014 ‚
672 971 713 1008 L.
725 947 874 1008 Manlio
886 969 1052 1008 Acidino
1061 997 1072 1019 ρ
1095 970 1161 1025 Q
1179 969 1312 1008 Fuluio
1324 968 1460 1007 Flacco
1471 969 1581 1008 Coss.
1590 967 1655 1005 sub
1669 979 1835 1020 quorum
1847 964 2065 1019 magistratu
2077 977 2239 1018 regnum

400 1023 586 1080 accepisse
602 1024 752 1065 Perseus
766 1038 1003 1065 memoratur
1015 1040 1035 1064 a
1049 1020 1096 1064 T.
1111 1026 1240 1068 Liuio,
1264 1037 1307 1064 ut
1323 1024 1370 1065 de
1379 1028 1455 1063 eius
1465 1027 1575 1063 initio
1585 1023 1748 1063 dubitari
1760 1024 1919 1060 minime
1935 1019 2048 1075 poffit
2058 1051 2066 1058 .
2104 1022 2240 1060 Annos

399 1083 441 1114 35}
462 1082 627 1136 regniilli
637 1083 921 1122 attribuitidem
930 1083 1077 1126 Liuius,
1098 1086 1162 1137 qui
1179 1085 1333 1137 putatia
1347 1081 1559 1122 Consulatu
1577 1080 1619 1119 L.
1639 1079 1773 1128 Manlij
1786 1077 1958 1118 Acidini,
1985 1083 2021 1115 &
2035 1077 2239 1131 QFuluij

399 1134 626 1178 definuntin
650 1139 860 1179 Consulatu
879 1137 922 1179 L.
947 1140 1097 1189 Aemilij
1117 1138 1356 1178 debellatoris
1369 1136 1479 1194 ipsius
1491 1137 1629 1176 Persei.
1675 1136 1748 1174 His
1767 1132 2054 1177 animaduersis,
2078 1147 2099 1171 a
2114 1146 2242 1172 morte

398 1192 625 1238 Alexandri,
649 1196 697 1236 ad
715 1196 833 1235 Persei
856 1201 999 1236 exitum
1019 1225 1027 1239 ,
1058 1199 1147 1235 anni
1175 1196 1259 1235 sunt
1281 1193 1431 1250 praecise
1454 1200 1539 1238 εῑνῑ,
1568 1192 1729 1235 Eusebio
1755 1194 1922 1230 triennio
1941 1189 2100 1244 amplius
2119 1220 2124 1228 .
2153 1191 2241 1226 ἔιΤκ.

399 1251 506 1301 quod
520 1256 725 1292 triennium
735 1253 927 1292 abundare
936 1252 1093 1291 dubium
1105 1266 1185 1291 non
1198 1252 1266 1291 est.
1295 1253 1380 1291 Nos
1390 1244 1671 1306 Excerptorum
1681 1248 1798 1289 fidem
1807 1249 1951 1302 sequuti
1961 1259 2096 1301 regum
2109 1245 2242 1285 Mace-

399 1304 522 1348 donia:
539 1322 716 1364 tempora
731 1310 779 1349 fic
799 1309 1012 1365 digeffimus
1026 1337 1037 1354 ,
1061 1312 1192 1349 nonin
1205 1308 1384 1349 omnibus
1401 1307 1560 1347 Eusebio
1575 1305 1712 1347 addidi·
1723 1335 1732 1351 ,
1755 1308 1859 1345 cuius
1877 1306 2007 1343 leuitas
2028 1301 2110 1341 satis
2129 1302 2241 1341 nobis

427 1363 489 1403 ers
510 1368 598 1405 esta.
1620 1400 1628 1407 .

342 1374 521 1461 D'FNAPS
542 1436 567 1461 T
585 1435 641 1461 1AE
673 1433 701 1461 T
712 1437 740 1462 R
756 1436 776 1461 E
792 1436 807 1462 s
847 1435 870 1463 L
884 1433 912 1460 A
924 1436 948 1460 T
963 1435 976 1459 1
988 1435 1016 1459 N
1031 1436 1057 1460 o
1069 1436 1098 1458 R
1110 1435 1134 1459 v
1146 1421 1213 1471 Μ]
1246 1422 1311 1455 De
1324 1422 1496 1467 quinque
1524 1419 1675 1466 regibus
1698 1414 1956 1463 Aboriginum
1969 1437 1980 1452 ,
1994 1422 2037 1448 ut
2047 1412 2139 1451 alios
2154 1411 2240 1452 scri-

397 1489 528 1530 ptores
539 1478 783 1517 taceam‚satis
795 1475 915 1513 m'ulta
924 1476 1077 1526 collegit
1085 1485 1130 1511 ex
1143 1471 1331 1511 veteribus
1349 1469 1578 1506 Graecorum
1591 1467 1863 1505 &Latinorum
1875 1467 2129 1505 monimentis
2141 1468 2241 1507 Dio-

396 1532 518 1586 nysius
529 1529 871 1573 Halicarnalsenfis,
890 1535 928 1566 δε
942 1527 1140 1581 postillum
1154 1527 1284 1564 austor
1302 1523 1417 1562 libelli
1432 1521 1481 1562 de
1497 1525 1644 1578 origine
1666 1525 1790 1576 gentis
1811 1521 2002 1562 Romanae
2018 1521 2066 1560 ab
2087 1523 2242 1564 Andrea

398 1589 562 1628 Schotto
578 1588 679 1626 editi.
705 1582 861 1623 Horum
875 1596 1003 1622 autem
1023 1587 1194 1636 quinque
1211 1594 1347 1636 regum
1364 1587 1402 1616 οἳ
1421 1592 1617 1619 annorum
1625 1577 1761 1618 definit
1776 1576 1970 1621 Eusebius,
1985 1581 2145 1617 &trium
2155 1581 2242 1619 ulti-

395 1658 548 1685 morum
561 1642 709 1695 singulis
723 1654 843 1680 annos
858 1639 939 1679 suos
953 1638 1131 1687 definitos
1154 1639 1326 1678 attribuit
1346 1637 1535 1691 Georgius
1555 1635 1748 1690 Syncellus
1762 1648 1810 1674 ex
1821 1634 1964 1675 eodem
1979 1633 2156 1674 Eusebio:
2173 1639 2241 1689 qui

396 1701 627 1754 colliguntur
635 1700 726 1736 anni
744 1698 826 1731 εΤνῖι
833 1716 845 1741 ,-
859 1700 910 1735 ita
921 1709 964 1735 ut
971 1696 1074 1739 Iano,
1082 1701 1119 1734 ὃς
1129 1697 1292 1736 Saturno
1304 1699 1406 1730 κΐεἮῑῑ
1420 1694 1607 1733 duntaxat
1615 1696 1705 1731 anni
1716 1696 1867 1746 excepti
1881 1691 1952 1730 fint
1966 1708 1974 1729 :
1985 1705 2152 1743 quorum
2163 1692 2238 1731 sex-

394 1756 520 1796 decim
534 1756 663 1809 priori,
673 1753 777 1792 alteri
785 1754 949 1807 reliquos
969 1751 1154 1796 dedimus,
1179 1752 1380 1807 quiaaliter
1392 1747 1516 1790 faeere
1529 1763 1613 1789 non
1631 1752 1846 1804 potuimus:
1861 1747 1930 1798 nisi
1940 1760 2022 1801 quis
2036 1749 2144 1787 malit
2155 1763 2241 1788 om-

394 1827 461 1851 nes
475 1813 556 1850 illos
569 1825 690 1849 annos
700 1810 791 1848 Iano
802 1809 901 1853 dare,
918 1814 956 1847 ἃς
968 1810 1173 1848 Saturnum
1193 1813 1383 1850 omittere,
1400 1811 1466 1861 qui
1477 1805 1618 1861 hospes
1635 1817 1788 1844 tantum
1801 1804 1892 1848 Iani,
1907 1818 1989 1844 non
2002 1817 2070 1842 rex
2079 1804 2237 1845 Latino-

333 1883 343 1890 ·
367 1883 479 1918 -rum
489 1867 610 1907 fuerit.
627 1866 737 1906 Idem
746 1866 870 1905 bonus
885 1867 1015 1906 auctor
1023 1867 1121 1905 reste
1136 1865 1262 1905 censet
1274 1877 1460 1920 regnante
1474 1862 1606 1903 Fauno
1615 1866 1723 1901 annis
1735 1867 1868 1901 fiante
1876 1860 2088 1900 aduentum
2098 1862 2238 1901 Aeneae

340 1959 344 1963 .
380 1921 616 1964 'Euandrum
625 1927 665 1977 in
672 1923 825 1961 Latium
836 1921 974 1963 venisse
986 1939 993 1960 ε
1005 1922 1113 1977 quod
1122 1935 1275 1977 tempus
1286 1925 1465 1976 congruit
1475 1925 1529 1955 ῖίι
1543 1933 1646 1958 anno
1659 1919 1789 1960 Fauni,
1800 1922 1908 1957 annis
1917 1922 2005 1954 xxii-i
2016 1929 2104 1956 ante
2113 1924 2237 1972 prima

396 1983 579 2036 Olympia
590 1982 636 2019 ab
646 1977 815 2019 Hercule
828 1979 1005 2018 instituta.
1026 1978 1179 2018 Scholia
1190 1983 1229 2018 in
1244 1978 1548 2034 Lycophronem
1567 1976 1769 2016 collectiore
1779 1974 1894 2015 Isacio
1908 1974 2052 2018 Tzeze,
2064 1988 2145 2029 pag.
2158 1975 2236 2026 158.

394 2038 746 2089 traduntmvwzoeecss
754 2035 828 2080 ἔτει,
841 2035 1124 2093 quinquagesimo
1132 2036 1297 2084 annffifie‘}x
1309 2033 1355 2074 πὶ(
1368 2033 1547 2086 Ηρρικλέοι,
1566 2034 1737 2073 Aeneam
1747 2032 1796 2071 ad
1808 2032 1910 2072 littus
1925 2033 2156 2070 Laurentum
2171 2046 2236 2087 ap-

391 2092 532 2150 puliffe.
552 2095 854 2148 anuaginta
866 2097 955 2131 anni
964 2105 1052 2131 ante
1065 2092 1276 2132 aduentum
1286 2093 1426 2132 Aenea:
1440 2090 1618 2130 desinunt
1629 2094 1667 2129 in
1681 2103 1785 2129 anno
1801 2089 1950 2143 periodi
1962 2088 2111 2126 Iulianae
2118 2102 2133 2137 3
2142 2089 2237 2136 489,

392 2151 519 2204 quiest
531 2149 739 2204 trigesimus
753 2153 897 2205 primus
915 2149 1047 2193 Fauni,
1058 2149 1282 2189 undecimus
1291 2148 1338 2188 ab
1347 2146 1504 2203 appulsu
1516 2147 1695 2190 Euandri,
1707 2152 1776 2181 ffi
1785 2158 1874 2184 ante
1886 2145 2070 2200 Olympia
2080 2144 2127 2183 ab
2135 2145 2237 2186 Her-

393 2207 477 2245 cule
489 2206 702 2243 instaurata.
1619 2227 1622 2229 Δ

338 2259 390 2299 SE
405 2276 426 2300 c
446 2276 470 2299 v
485 2275 510 2300 N
523 2275 549 2299 D
562 2275 587 2298 A
622 2275 646 2298 υ
659 2275 683 2299 Y
703 2274 728 2297 N
748 2273 772 2297 A
788 2273 803 2298 s
821 2274 845 2297 T
861 2274 874 2297 1
887 2272 914 2298 Α
946 2275 981 2300 AE
993 2274 1052 2300 NE
1065 2274 1092 2299 A
1103 2276 1128 2300 D
1141 2271 1205 2300 AR
1219 2276 1245 2300 v
1259 2266 1325 2312 M.]
1351 2259 1583 2314 Dionyfium
1593 2257 1969 2301 accuratiffimum,&
1980 2255 2233 2297 dulciffimum

392 2318 610 2371 scriptorem
626 2317 772 2368 sequuti
786 2315 925 2357 finnus,
940 2321 1005 2369 qui
1019 2330 1113 2354 unus
1123 2321 1299 2368 omnium
1321 2329 1495 2354 veterum
1518 2314 1796 2368 diligentissime
1808 2314 1891 2351 haec
1907 2312 2166 2365 inuestigauit3
2191 2323 2234 2349 ut

389 2375 551 2412 aliorum
563 2371 749 2410 industriae
762 2370 856 2408 nihil
873 2373 1060 2424 reliquum
1076 2371 1222 2410 feeerit.
1257 2372 1363 2424 Qae
1381 2368 1594 2408 differentia
1609 2368 1652 2406 sit
1663 2371 1764 2405 inter
1776 2366 2004 2417 Dionysium
2017 2394 2027 2409 ‚
2044 2368 2233 2420 Excerpta

391 2429 687 2470 barbarolatina,
707 2425 930 2469 Eusebium,
957 2427 1146 2464 Ouidium
1164 2429 1292 2461 tamin
1301 2420 1696 2473 metamorphoseon,
1709 2433 1837 2471 quam
1851 2419 2046 2459 Fastorum
2060 2421 2171 2465 libris,
2187 2435 2234 2461 ex

389 2487 680 2538 comparatione
693 2484 870 2520 omnium
882 2494 963 2519 non
975 2477 1295 2519 obscureiudicari
1308 2476 1443 2531 potest.
1465 2468 1618 2521 Αλλοίὸης
1630 2488 1701 2528 pro
1713 2474 1893 2518 Remulo,
1904 2477 2231 2533 Capet05,C21p0.
2284 2507 2293 2521 Ὗ

327 2586 332 2590 x
389 2555 459 2584 tos,
474 2542 668 2594 Aegyptos
681 2541 779 2574 inter
790 2535 823 2575 se
833 2535 987 2575 confusa
995 2534 1065 2574 esse
1074 2538 1156 2590 quis
1166 2547 1248 2575 non
1256 2537 1435 2572 miretur?
1447 2533 1491 2571 In
1501 2531 1613 2570 Fastis
1622 2530 1738 2585 vulgo
1747 2534 1901 2570 excusus
1912 2532 1981 2571 est:

612 2595 672 2632 Ille
680 2593 778 2631 dedit
791 2604 893 2648 captae
908 2596 1056 2647 repetita
1070 2589 1244 2631 vocabula
1257 2595 1292 2628 T
1288 2592 1378 2628 roiae.

389 2658 453 2708 qui
463 2651 660 2692 verficulus
671 2652 753 2688 non
767 2649 1002 2693 aliomnibus
1015 2652 1181 2703 capitur:
1199 2650 1281 2685 &in
1292 2659 1340 2685 eo
1350 2660 1467 2685 nemo
1476 2642 1667 2685 mendum
1675 2641 1789 2683 ineffe
1797 2643 1978 2683 odoratus
1987 2644 2050 2684 est.
2065 2643 2228 2685 Ouidius

388 2707 595 2764 scripserat:

606 2764 665 2801 Ille
675 2761 773 2800 dedit
785 2764 891 2817 Capyi
898 2763 1045 2816 repetita
1058 2759 1231 2800 vocabula
1243 2764 1278 2798 T
1275 2761 1365 2798 roiae.
2196 2786 2199 2787 γ

389 2823 483 2861 Duo
499 2821 648 2873 Capyes
669 2818 833 2856 fuerunt.
849 2821 953 2871 prior
967 2817 1156 2856 Troianus
1168 2814 1330 2855 Assaraci
1345 2813 1451 2852 filius.
1480 2813 1587 2853 Alter
1601 2811 1707 2851 Albae
1726 2824 1804 2857 rex,
1813 2815 1940 2866 inquo
1958 2815 2162 2867 repetitum
2176 2817 2228 2853 ait

390 2876 554 2917 Ouidius
572 2888 718 2914 nomen
733 2875 827 2912 illius
836 2877 969 2912 veteris
986 2873 1143 2913 Troiani
1158 2870 1320 2912 Assaraci
1331 2869 1405 2919 filij.
1424 2869 1532 2910 Huic
1539 2869 1665 2924 priseae
1678 2869 1942 2908 emendationi
1954 2869 2088 2908 nostrae
2098 2867 2226 2922 qui‘fa-

386 2946 483 2974 ucat,
498 2945 577 2972 non
588 2930 737 2986 pridem
745 2932 841 2968 naeu
853 2929 975 2968 sumus
993 2929 1164 2969 Seruium
1173 2940 1340 2969 veterem
1351 2927 1494 2979 Virgilii
1506 2930 1806 2980 interpretemin
1820 2926 1912 2964 illud
1929 2943 1936 2963 :
1951 2932 1998 2965 Et
2013 2933 2130 2981 Capys.
2140 2923 2227 2965 'hinc

388 3004 514 3029 :comen
527 2997 709 3043 Campanae
721 2985 964 3026 duciturnrbi.
994 2986 1049 3024 Ibi
1060 2988 1162 3025 enim
1177 2985 1237 3023 ille
1248 2984 1380 3024 doetus
1405 2982 1690 3022 Grammaticus
1708 2980 1968 3022 versumillum
1986 2982 2228 3021 Ouidianum
2281 3028 2290 3038 „

387 3045 579 3100 producit,
590 3049 627 3082 in
641 3058 719 3097 quo
731 3056 951 3096 quanquam
961 3042 1110 3081 mendis
1122 3041 1243 3082 oblito
1255 3037 1421 3094 expressa
1433 3052 1564 3078 extant
1574 3038 1853 3079 emendationis
1863 3038 1998 3078 nostrae
2006 3038 2167 3092 vestigia.
2181 3039 2227 3078 In

388 3102 513 3141 libello
528 3101 574 3139 de
588 3104 733 3154 origine
752 3103 874 3153 gentis
897 3099 1051 3142 Latinae,
1065 3111 1158 3138 item
1178 3097 1280 3153 apud
1295 3093 1536 3150 Diony'fium>
1557 3094 1651 3133 filius
1669 3096 1807 3134 Aeneae
1822 3099 1964 3149 primus
1981 3108 2044 3133 rex
2058 3095 2162 3133 Albae
2173 3093 2227 3134 est

354 3167 357 3169 ·
389 3162 619 3201 trinominis,
645 3157 755 3210 lulius
778 3155 954 3194 Ascanius
966 3155 1135 3210 Euryleo.
1159 3154 1203 3192 In
1221 3155 1417 3208 Excerptis
1430 3152 1714 3203 barbarolatinis
1737 3152 1791 3190 bis
1800 3151 1966 3206 hi.regess
1981 3149 2139 3205 quidem
2156 3155 2227 3191 ite-

387 3227 528 3259 rantur,
539 3213 600 3252 sed
613 3217 819 3268 pauciores,
836 3226 953 3266 quam
963 3210 1037 3251 hic.
1138 3217 1140 3219 ’

331 3270 398 3308 ΤΞ
411 3283 439 3308 ix
453 3283 478 3307 T
492 3283 505 3306 1
516 3281 541 3306 A
574 3284 598 3308 D
616 3284 639 3307 Y
654 3283 679 3308 N
696 3283 720 3306 A
734 3283 748 3307 s
760 3283 784 3306 T
801 3284 811 3307 1
829 3283 853 3307 A
888 3282 910 3307 L
923 3282 948 3307 A
962 3282 988 3306 T
1003 3281 1017 3305 1
1031 3281 1060 3306 N
1073 3282 1098 3307 o
1115 3281 1143 3306 R
1154 3281 1180 3306 v
1193 3266 1259 3323 M.]
1292 3264 1518 3320 Qomodo
1528 3267 1672 3320 primus
1686 3268 1862 3304 omniurn
1883 3265 2153 3304 Romanorum
2164 3263 2222 3302 M.

389 3326 543 3364 Porcius
565 3328 663 3364 (Lato
681 3325 872 3379 epocham
894 3325 1112 3364 Paliliorum
1138 3323 1449 3378 deprehenderit,
1466 3334 1604 3361 notum
1627 3334 1673 3360 ex
1693 3320 1864 3374 Dionysij
1890 3318 2223 3360 Halicarnaffenlls

391 3381 597 3435 Originum
616 3382 878 3420 Romanarum
896 3381 992 3420 libro
1002 3385 1138 3436 ptimo.
1169 3380 1303 3419 Narna
1325 3377 1544 3435 Regffugio,
1564 3376 1613 3416 ad
1622 3371 1754 3416 urbefn
1767 3377 1914 3416 aGallis
1925 3389 2096 3432 captam,
2107 3381 2220 3427 inter-

387 3437 526 3476 uallum
538 3440 577 3475 in
590 3436 742 3475 Tabulis
756 3437 945 3483 Censorijs
961 3436 1210 3492 perscriptum
1226 3439 1382 3475 inuenit.
1417 3434 1479 3473 Ab
1492 3435 1585 3473 urbe
1595 3446 1723 3473 autem
1734 3446 1855 3488 capta,
1871 3433 1920 3472 ad
1931 3433 1965 3472 se
1976 3463 1985 3476 ‚
2003 3445 2153 3487 tempus
2167 3434 2220 3483 ig-

338 3499 345 3509 ”
385 3507 609 3532 notarenon
620 3497 747 3547 potuit
756 3507 914 3549 propter
928 3491 1140 3534 Consulum
1151 3496 1255 3548 paria
1266 3492 1512 3548 diligenterin
1525 3489 1636 3530 Fastis
1650 3489 1792 3530 notata„
1824 3491 1861 3529 A
1878 3489 2083 3581 Regifugig
2092 3490 2217 3582 igiturf

1837 3560 1840 3563 ·
2035 3558 2055 3582 a
2137 3554 2219 3581 ato„

467 3668 479 3686 l

2355 2606 2360 2610 .
2341 2501 2362 2554 -3‘01
