2366 4040
380 271 430 318 56

426 338 668 391 Imperatore
680 338 853 378 invicem
867 335 933 374 sibi
954 348 1114 374 munera
1126 334 1165 371 in
1178 344 1279 371 con-

428 395 606 435 cordiam
618 392 721 434 missa
733 395 861 434 secuta
874 390 970 430 sunt.

477 501 995 540 INDICTIONE
1056 491 1173 532 XII.

474 586 662 637 Iustiniana
678 588 797 635 cAag.
817 592 874 618 1v.
891 578 936 624 (ly
945 578 1093 618 Paulino
1103 575 1188 631 Coffi

370 671 580 712 Provincia
605 667 733 710 Africa
744 694 756 713 ,
783 679 871 718 quae
893 664 932 704 in
957 665 1150 706 divisione
1174 663 1281 703 orbis

426 739 610 767 terrarum
622 727 641 763 a
654 721 850 775 plerisque
861 721 900 759 in
913 733 1025 773 parte
1035 722 1149 762 tertia
1158 718 1281 773 posita

425 782 502 829 est,
520 780 680 820 volente
695 777 782 816 Deo
794 777 1005 818 >vindicata
1022 778 1089 818 est.
1116 775 1282 817 Cartha-

424 851 478 890 go
496 846 662 889 quoque
675 832 813 873 civitas
828 846 909 885 ejus
932 847 1037 874 anno
1056 831 1282 873 excidionis

425 893 636 931 suaexcvl.
651 886 770 941 pulfis
790 888 1035 943 devictisque
1054 887 1282 935 wandalis,

426 950 465 987 &
479 947 687 986 Gelimero
697 958 788 999 rege
805 959 943 985 eorum
955 958 1075 999 capto
1086 974 1098 993 ,
1120 948 1157 984 ὃ(
1167 944 1280 983 Con-

425 1001 723 1055 stantinopolim
745 1000 878 1050 misso,
906 1014 1047 1055 quarto
1071 999 1281 1055 justiniani

425 1059 615 1111 principis
636 1056 856 1097 Consulatu
881 1057 997 1110 ipsius
1009 1056 1282 1096 moderatione

424 1125 583 1167 recepta
594 1113 647 1153 est
660 1142 672 1162 ‚
682 1113 746 1153 sua
757 1127 847 1154 cum
858 1115 981 1166 patria
989 1112 1150 1158 firmius,
1161 1112 1281 1164 quam

424 1170 578 1209 dudum
590 1168 715 1210 fuerat
729 1198 740 1217 ,
760 1169 1022 1224 redintegrata
1056 1169 1154 1221 QO
1178 1179 1280 1207 tem·
1302 1204 1306 1207 .

425 1239 524 1279 pore
536 1225 836 1266 Theodahadus
846 1239 913 1265 rex
924 1223 1152 1266 Gothorum
1168 1224 1281 1262 Ama-

425 1280 666 1321 lasuentham
677 1282 849 1334 reginam
864 1282 1087 1322 creatricem
1107 1279 1211 1318 suam
1232 1278 1282 1317 de

423 1350 548 1390 regno
565 1336 711 1389 pulsam
742 1338 779 1375 in
800 1335 922 1377 Insula
944 1337 1021 1377 laci
1038 1333 1283 1375 Bulsiniensis

425 1392 589 1432 occidit.
630 1392 758 1443 Cujus
777 1404 942 1432 mortem
975 1392 1191 1444 Imperator
1214 1391 1282 1443 Ju-

425 1448 611 1489 stinianus
622 1461 663 1488 ut
674 1448 826 1493 doluit,
842 1447 890 1488 sic
904 1452 939 1488 ὃς
954 1448 1057 1488 ultus
1068 1445 1135 1486 est.

446 1553 985 1594 INDICTIONE
1046 1549 1196 1592 XIII.

666 1635 828 1701 Belismfio
823 1637 902 1692 solo
914 1644 944 1675 C
942 1635 989 1690 oſs

367 1724 581 1779 Postquam
596 1723 797 1779 Carthago
812 1725 1018 1778 Libyaque
1037 1724 1107 1763 suo
1120 1735 1210 1761 cum
1224 1735 1281 1761 re-

424 1795 473 1834 ge
495 1781 701 1820 Gelimero
713 1794 779 1832 per
791 1781 1016 1820 Belisarium
1036 1779 1089 1818 est
1104 1776 1284 1831 subjuga·

424 1850 464 1877 ta
475 1867 486 1883 ,
497 1838 546 1875 de
564 1837 691 1873 Roma
705 1836 899 1887 Italiaque
911 1835 1099 1874 deliberat
1114 1833 1287 1884 Impera-

424 1903 502 1931 tor.
543 1891 761 1943 iterumque
794 1890 1000 1942 expeditio
1013 1917 1023 1935 ,
1064 1888 1287 1940 iterumque

424 1947 546 1986 classis
556 1956 722 1996 paratur,
736 1945 926 1998 idemque
938 1945 1081 1984 ductor
1093 1944 1162 1997 qui
1175 1944 1286 1982 Con-

423 2001 481 2042 sul
516 2002 700 2053 eligitur,
731 2001 919 2054 fedeque
932 2000 1100 2053 >navigio
1117 1998 1290 2038 Siciliam

425 2068 626 2111 properat,
637 2056 830 2095 Catanam
845 2061 882 2095 ὅ(
898 2055 1098 2109 Syracusas
1119 2053 1196 2095 sine
1207 2068 1287 2093 mo-

426 2129 488 2160 ra,
509 2126 631 2152 immo
648 2125 807 2151 omnem
827 2112 1008 2163 pervadit
1018 2111 1286 2150 Trinacriam.

426 2170 570 2221 Ibique
583 2169 834 2219 comperiens
847 2167 958 2220 quod
975 2167 1015 2206 in
1028 2165 1157 2205 Africa
1170 2166 1288 2204 civile

428 2225 578 2264 bit-llum
601 2223 802 2270 exoritur,
823 2226 860 2261 &
883 2222 991 2261 miles
1010 2223 1049 2266 in
1082 2233 1288 2274 propi-ium

429 2281 575 2320 ducein
587 2279 749 2330 insurgit
762 2307 773 2325 ‚
796 2291 886 2317 cum
898 2278 1032 2330 paucis
1052 2280 1099 2316 ad
1116 2276 1287 2316 Africam

433 2338 562 2375 tendit
575 2363 587 2382 ‚
609 2333 818 2373 Solon-roni
830 2347 898 2386 qui
914 2345 1084 2385 praeerat‚
1096 2332 1288 2372 subvenit:

428 2393 649 2430 exercitum
665 2389 758 2428 vero
771 2392 908 2440 partim
922 2390 1167 2428 blandiendo
1180 2416 1191 2436 ,
1202 2400 1288 2440 par·

432 2458 504 2486 tim
518 2446 750 2485 ulciscendo
762 2474 774 2492 ,
792 2446 995 2483 inimicum
1013 2457 1218 2497 tyrannum
1230 2441 1286 2483 ef-

430 2500 855 2554 fugando‚reipublicae
867 2500 1034 2538 consulit
1044 2500 1219 2544 utilitati,
1229 2513 1289 2538 re-

431 2557 642 2610 mensoque
657 2557 816 2609 navigio
837 2555 1082 2595 Trinacriam
1101 2557 1212 2594 redit.
1237 2555 1288 2592 A·

430 2626 589 2664 gapirus
640 2611 832 2652 Romanae
880 2611 984 2651 urbis
1022 2610 1230 2663 episcopus
1266 2610 1287 2649 a

431 2668 653 2707 Theodato
673 2681 765 2720 rege
795 2667 1024 2706 Gothorum
1057 2667 1095 2706 in
1123 2669 1288 2720 legatio-

431 2738 519 2763 nem
547 2722 718 2763 direstus
749 2722 1147 2775 Constantinopolim
1167 2725 1287 2765 venit.

432 2779 573 2819 Tzitra
585 2780 772 2818 Patricius
784 2779 821 2817 in
846 2778 969 2831 Mysia
981 2791 1069 2818 cum
1082 2778 1190 2818 hoste
1200 2778 1290 2819 Bul-

432 2849 568 2889 garum
587 2835 851 2886 congrediens
883 2834 933 2874 ad
955 2835 1100 2889 Jatrum
1120 2835 1292 2888 superior

434 2892 644 2931 invenitur.
679 2889 924 2941 Epiphanius
947 2890 1154 2942 episcopus
1180 2893 1294 2943 regiae

434 2946 559 2986 Urbis
578 2955 667 2985 ante
688 2946 902 2984 adventum
928 2945 1103 2984 Romani
1125 2948 1294 2998 praesulis

435 3003 609 3041 moritur·
623 2999 734 3051 cujus
745 2999 1016 3051 episcopatum
1029 3013 1164 3039 contra
1177 3015 1294 3041 cano-

438 3071 505 3095 nes
520 3056 726 3095 Anrhimus
745 3055 1051 3108 Trapezuntena
1068 3056 1229 3097 ecclesia
1239 3072 1295 3098 re·

439 3112 531 3151 licta
543 3112 705 3151 invadit.

479 3212 1009 3255 INDICTIONE
1062 3216 1196 3259 XIV.

594 3298 668 3347 Post
680 3296 899 3349 Confidamm
917 3297 1086 3350 Bclaeg'farii,

387 3381 587 3423 Ebremud
601 3381 804 3424 Theodati
818 3399 939 3436 gener
959 3385 1098 3426 reli&o
1118 3387 1293 3426 exercitu

444 3438 601 3490 regioin
614 3436 823 3481 Brutiis‚ad
839 3440 1059 3480 Belisarium
1072 3443 1110 3480 in
1126 3442 1294 3482 Siciliam

445 3507 547 3533 conv
559 3492 746 3531 olavit.ln
761 3493 887 3532 Africa
907 3496 1294 3542 vero‚Solomoneiti-

453 3550 544 3589 dem
559 3561 648 3587 cum
661 3549 837 3592 exercitu
851 3550 1069 3598 diffidente,
1079 3553 1298 3594 Germanus

756 255 1392 322 MARCELLINI
1451 255 1871 300 COMITIS

1374 332 1549 374 succedit
1562 331 1817 374 Solomonem
1840 334 2038 375 remittens
2057 334 2105 375 ad
2119 333 2226 375 Prin-

1375 390 1520 442 cipem.
1545 387 1743 428 Belisarius
1763 391 2018 442 Campaniam
2046 389 2227 431 transiens

1375 444 1594 497 Neapolim
1618 445 1751 484 vastat.
1782 446 2010 486 Gothorum
2033 446 2228 487 exercitus

1374 499 1693 540 Theodahadum
1706 515 1835 553 regem
1846 502 1989 541 habens
2000 501 2230 554 suspe&um‚

1374 555 1553 608 Vitigem
1565 557 1603 595 in
1617 570 1781 609 regnum
1795 557 1979 597 adsciscit·
1999 558 2068 611 qui
2082 570 2175 596 mox
2189 559 2229 596 in

1376 625 1518 664 campo
1541 612 1743 652 barbarico
1763 627 1926 666 regnum
1949 612 2124 666 pervasit.
2151 612 2229 651 Ex-

1376 669 1584 719 peditione
1595 668 1717 708 soluta
1732 668 1903 709 Romam
1914 671 2152 722 ingreditur,
2163 668 2232 707 ubi

1377 724 1456 774 jam
1468 723 1640 774 Agapito
1652 724 2008 777 Constantinopoli
2020 722 2209 763 defuneto
2221 751 2233 770 ,

1378 777 1679 817 Theodahadus
1690 792 1758 818 rex
1768 780 1973 821 Silverium
1986 779 2232 834 episcopatui

1379 831 1603 885 subrogarat
1650 832 1787 886 ibique
1809 834 1974 876 residens
1999 837 2133 889 dirigit
2152 836 2234 875 Ra-

1379 901 1571 936 vennam,
1596 887 1856 928 Theodatum
1874 892 2050 938 occidit,
2077 893 2116 931 in
2138 891 2232 929 loco

1380 944 1452 997 qui
1462 944 1609 985 dicitur
1628 944 1805 997 Qintus
1816 973 1827 991 ‚
1845 943 1955 995 juxta
1967 946 2127 986 fluvium
2141 945 2235 984 San-

1379 1011 1558 1040 ternum:
1587 1003 1626 1041 8:
1656 1001 1738 1053 iple
1772 999 2019 1054 subsequitur
2047 1015 2115 1053 per
2147 1002 2233 1040 Tu-

1377 1056 1493 1095 sciam
1508 1083 1519 1102 ,
1540 1069 1678 1095 omnes
1695 1068 1794 1108 opes
1803 1055 2011 1095 Theodati
2022 1057 2231 1109 diripiens,

1378 1125 1475 1165 quas
1488 1112 1526 1151 in
1539 1111 1666 1152 Insula
1678 1139 1689 1157 ‚
1701 1112 1765 1151 vel
1779 1112 1814 1161 in
1831 1111 1868 1151 U
1878 1111 2060 1151 rbevetus
2072 1125 2234 1163 congre-

1379 1179 1552 1220 gaverat·
1574 1167 1887 1219 Ravennamque
1906 1167 2091 1221 ingreffus
2114 1166 2238 1206 Mate-

1379 1222 1582 1263 iuentham
1614 1234 1774 1275 neptem
1802 1223 2055 1263 Theodorici
2085 1221 2152 1261 sibi
2172 1221 2232 1260 so-

1380 1280 1531 1319 ciamin
1551 1292 1678 1330 regno
1697 1281 1786 1332 plus
1809 1281 1848 1318 vi
1862 1279 2046 1331 copulat,
2068 1278 2186 1333 quam
2199 1291 2240 1316 a-

1380 1334 2238 1375 moresselisariusfaventeDorninoRomam

1379 1391 1609 1443 ingreditur.
1635 1390 1900 1430 Germanusin
1928 1389 2239 1430 Africafeliciter

1380 1446 1635 1486 administrat.
1667 1447 1860 1499 Agapitus
1891 1445 2237 1498 Constantinopo-

1378 1501 1461 1546 lim,
1475 1513 1517 1540 ut
1530 1503 1769 1548 diximus,de
1784 1500 1914 1541 Roma
1925 1502 2237 1546 adveniens,An-

1376 1557 1544 1597 thimum
1566 1571 1654 1595 mox
1670 1556 1831 1596 ecclesia
1842 1557 1979 1610 pellit,
2000 1559 2136 1596 dicens
2147 1569 2235 1596 eum

1377 1611 1489 1665 juxta
1499 1612 1791 1651 ecclesiasticam
1805 1613 1980 1666 regulam
1994 1612 2211 1652 adulterum
2224 1639 2237 1658 ‚

1380 1669 1451 1721 qui
1472 1668 1534 1706 sua
1562 1668 1723 1708 ecclesia
1749 1668 1901 1710 dimissa
1929 1668 2115 1708 ambierat
2144 1669 2236 1709 alie-

1381 1736 1483 1762 nam.
1501 1737 1540 1762 ιη
1553 1728 1662 1769 cuius
1677 1724 1809 1762 locum
1832 1726 2023 1764 Mennam
2038 1720 2237 1779 presbyte-

1382 1792 1467 1817 rum
1480 1780 1710 1832 episcopum
1723 1780 1921 1819 ordinavit
1939 1795 1945 1818 :
1971 1780 2103 1833 &ipse
2113 1794 2238 1821 extre·

1383 1847 1490 1873 mum
1503 1835 1608 1872 diem
1622 1834 1723 1873 obiit
1736 1836 1774 1873 in
1790 1835 1978 1874 Domino.
2003 1838 2044 1875 in
2056 1837 2166 1876 nullo
2178 1851 2237 1877 ta-

1385 1902 1501 1935 men,
1530 1888 1673 1928 sicutei
1693 1890 1714 1927 a
1737 1889 1919 1942 Principe
1956 1890 2237 1944 objiciebatur,

1385 1944 1547 1983 sentiens
1560 1955 1696 1984 contra
1709 1943 1838 1984 fide'm-
1851 1944 1942 1999 Ipso
1954 1959 2237 2000 namqueanno

1386 1999 1440 2039 ob
1452 2000 1608 2039 nimiam
1630 1999 1842 2040 ficcitatem
1854 2001 2005 2054 pastura
2018 2003 2057 2042 in
2079 2002 2237 2043 Perside

1386 2054 1600 2107 denegata,
1621 2056 1780 2095 circiter
1791 2058 2024 2110 quindecim
2038 2058 2155 2099 millia
2175 2060 2237 2100 Sa-

1391 2124 1624 2150 racenorum
1641 2111 1688 2149 ab
1700 2112 1967 2152 Alamundaro
1988 2126 2077 2152 curn
2092 2115 2236 2155 Chabo

1386 2165 1591 2206 &Hezido
1603 2166 1826 2220 phylarchis
1837 2167 1979 2207 limites
1990 2167 2237 2224 Euphratesie

1386 2221 1546 2274 ingressa
1562 2220 1654 2261 sunt-
1674 2221 1758 2261 Ubi
1772 2223 1908 2261 3212ss
1919 2225 1999 2262 dux
2013 2237 2079 2262 eos
2094 2228 2236 2276 partim

1389 2277 1614 2324 blanditiis,
1636 2290 1778 2328 partim
1799 2277 2050 2318 distractione
2071 2281 2237 2332 pacifica

1386 2332 1508 2379 fovit,
1521 2333 1763 2372 &inhiantes
1776 2333 1918 2373 bellare
1928 2335 2113 2388 repreffit.

1433 2438 1968 2479 INDICTIONE
2026 2438 2132 2481 XV.

1579 2531 1715 2562 Iterum
1725 2529 1753 2561 P
1764 2532 1799 2562 C·
1812 2524 1886 2563 Beli
1902 2526 1982 2563 arii.

1330 2610 1493 2663 Vitiges
1502 2609 1716 2663 Tyrannus
1727 2611 1903 2650 exercitu
1911 2622 2128 2665 aggregato
2147 2612 2237 2652 Ro-

1385 2679 1488 2705 mam
1502 2665 1665 2705 obsidet.
1688 2667 1858 2710 cuirunc
1875 2665 2071 2707 faventem
2092 2668 2236 2720 Papam

1385 2721 1590 2761 Silverium
1612 2720 1813 2761 Belisarius
1834 2722 1881 2761 ab
1902 2723 2130 2776 episcopatu
2144 2724 2241 2762 sum-

1388 2780 1514 2817 movit
1527 2807 1536 2821 ‚
1561 2782 1598 2817 6<
1612 2777 1706 2816 loco
1715 2780 1798 2831 ejus
1810 2778 2001 2831 vigilium
2016 2779 2243 2818 Diaconum

1389 2834 1599 2873 ordinavit.
1615 2833 1903 2886 Temporeque
1927 2834 2050 2888 longo
2071 2834 2244 2874 Romam

1391 2888 1596 2928 obfidente
1611 2887 1747 2942 Virige
1760 2918 1770 2936 ,
1784 2889 1985 2930 Belisarius
1997 2892 2100 2930 intus
2113 2891 2245 2929 inedia

1391 2943 1613 2997 vigiliisque
1627 2944 1825 2990 laborans,
1846 2946 2037 2986 auxilium
2057 2947 2103 2986 ab
2119 2947 2243 2999 Impe-

1391 3012 1521 3039 ratore
1535 3002 1725 3051 deposcit.
1754 3000 1834 3039 Cui
1849 3001 1984 3042 direffi
2002 3002 2086 3041 sunt
2105 3002 2242 3040 Marti-
2260 3028 2261 3031 =

1393 3069 1466 3095 nus
1479 3059 1515 3095 δε
1527 3055 1782 3103 Valerianus,
1795 3068 1960 3110 uterque
1975 3057 2162 3108 Magister
2175 3057 2242 3095 mi·

1391 3111 1493 3150 litiae.
1522 3125 1596 3151 nec
1610 3110 1658 3150 fic
1672 3123 1802 3151 tamen
1824 3111 1979 3165 Vitiges
2000 3113 2245 3153 obsidionem

1391 3167 1565 3219 reliquit.
1586 3167 1629 3206 In
1645 3166 1778 3207 Africa
1790 3167 2245 3208 Germanusi-ebelliones

1392 3222 1538 3262 milites
1549 3236 1639 3263 curn
1652 3223 1789 3262 Stotza
1800 3222 1993 3276 Tyranno
2012 3226 2113 3264 inter
2129 3224 2245 3262 Mau-

1393 3291 1527 3318 rorum
1551 3276 1702 3318 deserta
1721 3278 2083 3333 bellandoeffugat.
2115 3279 2158 3318 ln
2183 3279 2245 3318 O-

1393 3333 1516 3373 riente
1545 3347 1713 3388 quoque
1743 3334 1914 3386 ⁴loannes
1943 3330 2126 3376 Cottistis
2157 3334 2246 3374 arri-

1393 3389 1506 3440 piens
1535 3390 1783 3441 tyrannidem
1797 3419 1809 3437 ,
1845 3401 2059 3444 antequam
2099 3385 2245 3430 adversi

1393 3445 1606 3496 quicquam
1619 3455 1806 3491 tentaret,
1826 3446 1946 3486 Daras
1957 3445 2164 3486 exstinfffls
2179 3441 2244 3481 est-

1392 3498 1562 3538 Ecclesia
1583 3500 1705 3550 major
1730 3501 2086 3554 Constantinopoli
2104 3500 2151 3539 ab
2172 3498 2247 3536 Im-

1391 3567 1572 3606 peratore
1583 3555 1810 3607 Jusliniano
1821 3556 2059 3610 singulariter
2073 3556 2114 3594 in
2134 3568 2195 3594 mu
2203 3569 2247 3593 n·

2189 3611 2244 3650 do
