2366 4040
339 313 384 354 32
756 295 1204 339 EUsEss11
1280 293 1820 335 PAMPHILI

396 374 433 409 &
443 369 688 410 Nehemiam
700 368 870 408 reversos
883 381 931 406 ex
942 365 1144 419 Babylone
1157 389 1168 408 ‚
1189 367 1226 402 &
1237 378 1284 403 ea
1294 363 1480 419 deinceps
1498 363 1712 404 consecuta
1723 391 1734 410 ,
1754 378 1840 417 quae
1851 362 1898 403 ab
1911 363 1970 402 his
1982 365 2086 419 gesta
2098 366 2267 414 referum.

395 436 467 466 tur.
499 425 637 466 Esdras
647 424 837 465 Sacerdos
849 422 1155 477 apudl-Iebraeos
1165 419 1323 475 infignis
1337 421 1588 478 cognoscitur
1602 437 1609 459 :
1622 421 1731 473 cujus
1742 432 1854 461 aetate
1863 421 2048 460 Pontifex
2065 423 2268 463 Maximus

374 519 377 522 .
394 480 550 523 habitus
562 482 614 522 est
626 481 767 521 Eliasib
777 478 1053 533 filiusJoachin
1065 475 1230 530 filiiJesu
1242 477 1311 517 filii
1325 478 1536 532 Jol'edech.
1568 477 1662 517 Fuit
1681 488 1814 517 autem
1832 477 1970 517 Esdras
1992 477 2270 519 eruditissimus

393 539 488 594 legis
500 537 643 578 divinae
652 566 663 584 ,
686 543 722 578 δε
734 537 857 577 clarus
868 531 1284 585 omniumJudaeorum
1301 536 1482 590 magister
1490 563 1501 581 ,
1513 535 1647 588 quide
1658 534 1888 588 captivitate
1899 533 2052 588 regressi
2063 533 2219 575 fuerant
2230 538 2270 575 in

386 595 579 649 Judaeam
611 596 832 636 Nehemias
843 591 1034 632 Hebraeus
1046 589 1219 630 minister
1238 592 1409 632 vinarius
1434 592 1661 632 Artaxerxis
1679 592 1805 646 Regis
1816 621 1826 639 ‚
1844 591 2096 631 concedente
2109 591 2180 631 sibi
2189 592 2272 631 Do-

394 652 507 691 mino
526 651 613 697 suo,
636 651 822 691 vicesimo
841 647 923 699 ejus
941 660 1046 686 anno
1065 646 1117 686 de
1129 647 1333 701 Babylone
1345 649 1455 688 venit
1466 648 1712 702 inJudaeam:
1727 652 1764 688 ὃς
1776 647 1973 688 tricesimo
1983 646 2157 688 secundo
2168 662 2274 698 anno

395 722 529 748 muros
549 708 768 758 urbemque
785 702 963 742 restituit.
996 702 1139 743 Scribit
1159 702 1299 742 Esdras
1318 704 1388 742 sub
1409 705 1603 746 Pontifice
1624 704 1761 759 Iojade
1771 704 1852 744 filio
1864 704 1991 744 Ioasib
2004 732 2015 750 ‚
2029 706 2093 744 cui
2102 704 2276 745 successit

387 765 564 819 Joannes
573 764 672 803 filius
683 762 783 805 suu8,
796 760 866 813 qui
879 770 1059 813 ternpore
1073 757 1292 812 Alexandri
1303 759 1544 799 Macedonis
1556 761 1632 801 fuit
1642 790 1653 807 ,
1666 776 1766 816 opus
1778 761 1889 801 fuisse
1898 762 2156 816 completum.
2189 762 2275 802 Ne-

395 822 568 861 hemiam
580 846 590 864 ‚
612 817 681 871 qui
694 815 1043 870 miirosJerusalem
1056 815 1322 855 construxerat
1333 842 1345 860 ,
1366 814 1648 856 consummasse
1659 832 1757 871 opus
1767 818 1964 858 tricesimo
1975 833 2081 858 anno
2093 820 2278 860 Artaxer-

395 878 453 917 xis
462 876 562 931 regis
573 873 771 914 Persarum
784 872 920 913 Esdras
931 884 1139 912 memorat.
1173 872 1213 911 Si
1235 872 1324 925 quis
1341 883 1475 927 autem
1494 871 1543 911 ab
1564 871 1644 911 hoc
1661 883 1840 926 ternpore
1859 891 1942 916 Lxx
1962 875 2237 916 hebdomadas
2257 876 2278 915 a

396 931 564 973 Daniele
576 931 733 985 scriptas
743 940 930 970 numeret
940 957 951 975 ,
969 943 1054 982 quae
1064 927 1215 968 faciunt
1230 943 1325 968 anns
1337 942 1483 968 ccccxc
1496 955 1508 974 ,
1526 928 1694 982 reperiet
1705 943 1767 969 eas
1777 930 1818 968 in
1829 944 1952 983 regno
1964 933 2139 973 Neronis
2150 932 2280 987 exple-

396 1001 454 1030 tas
467 1005 474 1028 ι
487 988 555 1028 sub
566 1002 648 1041 quo
660 986 832 1027 obsideri
842 986 1052 1026 Ierusalem
1063 997 1185 1040 caepta
1192 984 1367 1025 secundo
1376 984 1510 1039 postea
1521 984 1747 1040 Vespasiani
1759 999 1864 1025 anno
1876 988 2038 1040 capitur.
2051 990 2147 1030 Huc
2156 990 2279 1043 usque

397 1045 542 1085 divinae
552 1043 746 1098 scripturae
758 1039 1019 1083 Hebraeorum
1037 1042 1189 1082 annalia
1201 1053 1382 1096 tempora
1392 1042 1613 1082 continent.
1645 1042 1702 1081 Ea
1719 1056 1814 1082 vero
1825 1069 1837 1088 ‚
1858 1056 1945 1096 quoe
1964 1043 2051 1097 post
2070 1045 2153 1085 haec
2172 1046 2281 1099 apud

397 1117 466 1143 eos
476 1101 581 1158 gesta
591 1101 691 1147 sunt,
701 1099 872 1140 exhibeo
884 1098 936 1139 de
946 1099 1046 1139 libro
1059 1098 1379 1139 Maccabaeorum
1391 1126 1402 1144 ‚
1415 1103 1453 1138 ὃς
1464 1098 1637 1153 iosephi,
1650 1103 1687 1138 &
1699 1098 1878 1139 Africani
1889 1099 2039 1155 scriptis
2058 1117 2065 1141 :
2085 1102 2156 1155 qui
2172 1102 2283 1142 dein-

401 1173 492 1214 ceps
504 1157 721 1198 universam
730 1156 931 1196 historiam
943 1156 1065 1210 usque
1076 1155 1126 1195 ad
1138 1155 1326 1196 Romana
1337 1161 1517 1209 tempora
1528 1155 1722 1209 persecuti
1729 1155 1828 1196 sunt.
1883 1187 1887 1191 .
2045 1204 2050 1211 .

345 1216 463 1270 Lapis
472 1216 513 1261 in
527 1214 641 1269 AEgis
651 1213 775 1253 fluvio
785 1212 835 1253 de
847 1213 949 1252 coelo
959 1214 1048 1253 ruit.
1076 1212 1207 1252 Sicilia
1215 1214 1236 1252 a
1246 1212 1399 1267 populo
1412 1211 1631 1267 regebatur.
1653 1213 1804 1252 Cimon
1811 1213 1923 1266 juxta
1934 1213 2284 1270 Eurymedontem

401 1272 530 1313 Persas
540 1270 667 1311 navali
676 1269 927 1325 pedestrique
939 1271 1153 1310 certamine
1162 1269 1315 1324 superat
1329 1285 1336 1308 :
1350 1273 1387 1309 ὃ(
1402 1268 1614 1309 Medicum
1624 1269 1773 1310 bellum
1787 1270 2044 1324 conquiescit.
2068 1272 2169 1311 Solis
2183 1271 2284 1312 fasta

401 1327 587 1369 defeffio.
607 1329 862 1383 Anaxagoras
881 1327 1058 1367 moritur.
1080 1326 1307 1366 Heraclitus
1330 1326 1453 1366 clarus
1473 1325 1649 1366 habetur.
1681 1327 1951 1380 Empedocles
1971 1332 2008 1367 ὃς
2027 1329 2286 1368 Parmenides

400 1384 555 1440 Physici
567 1384 795 1439 Philosophi
807 1382 995 1424 notiflimi
1006 1383 1211 1424 habentur.
1222 1384 1340 1423 Zeno
1351 1387 1387 1423 Sc
1396 1382 1623 1422 Heraclitus
1630 1383 1848 1423 Tenebros
1843 1397 1886 1422 us
1896 1384 2130 1439 agnoscitur.
2141 1386 2286 1426 Phere—

401 1443 521 1497 cydes
531 1441 724 1482 secundus
734 1441 978 1482 historiarum
993 1439 1157 1494 scriptor
1174 1439 1408 1496 agnoscitur.
1429 1440 1615 1480 Cratinus
1628 1440 1788 1480 &Plato
1807 1441 2115 1481 Comoediarum
2126 1442 2285 1497 scripto-

402 1512 461 1538 res
475 1498 566 1538 clari
577 1499 784 1538 habentur.
798 1497 1042 1538 Aristarchus
1052 1496 1446 1553 Tragoediographus
1457 1496 1690 1552 agnoscitur.
1703 1498 1844 1538 Crates
1855 1497 2064 1545 Comicus,
2077 1504 2114 1538 ὃς
2123 1499 2287 1540 Telesil-

403 1555 439 1595 la
451 1589 460 1602 ,
483 1570 528 1595 ac
540 1555 797 1610 Bacchylides
808 1555 974 1610 Lyricus
986 1554 1077 1594 clari
1089 1554 1297 1594 habentur.
1328 1554 1495 1594 Praxilla
1510 1568 1675 1609 quoque
1696 1559 1734 1594 ὃς
1746 1554 1989 1594 Cleobulina
2000 1555 2088 1595 sunt
2100 1555 2285 1596 celebres.

403 1611 625 1666 Templum
647 1612 835 1658 Iunonis,
852 1611 964 1666 quod
982 1612 1023 1651 in
1045 1612 1163 1666 Argis
1183 1610 1310 1651 fuerat
1322 1645 1330 1658 ‚
1351 1610 1568 1652 incensum.
1625 1612 1767 1652 Abaris
1787 1611 2101 1666 Hyperboranus
2114 1613 2288 1653 hariolus

403 1669 627 1725 agnoscitur
645 1686 653 1710 :
676 1668 937 1709 Athenienses
949 1672 986 1708 &
997 1668 1291 1708 Lacedaemonii
1308 1667 1437 1708 foedus
1457 1669 1620 1723 triginta
1637 1683 1833 1709 annorum
1851 1670 2004 1709 ineunt.
2035 1668 2286 1715 Herodotus,

403 1740 531 1779 quum
542 1725 713 1766 Athenis
723 1726 842 1766 libros
852 1725 939 1765 suos
949 1726 991 1765 in
1003 1725 1165 1765 consilio
1175 1725 1339 1782 legisset,
1350 1726 1567 1765 honoratus
1578 1725 1642 1766 est.
1671 1725 1846 1766 Mehffiis
1854 1726 2042 1781 Phyficus
2052 1726 2287 1782 agnoscitur.

404 1782 615 1837 Euripides
621 1782 926 1838 Tragoediarum
938 1782 1101 1836 scriptor
1109 1783 1232 1823 clarus
1242 1782 1410 1832 habetur
1420 1810 1432 1829 ,
1453 1786 1490 1822 &
1498 1783 1731 1838 Protagoras
1743 1782 1925 1837 Sophista
1936 1810 1947 1828 ‚
1967 1784 2078 1836 cujus
2087 1783 2209 1823 libros
2220 1782 2287 1823 de-

404 1850 515 1879 creto
526 1839 689 1893 publico
699 1839 960 1880 Athenienses
971 1839 1276 1879 combusserunt.
1284 1839 1445 1879 Phidias
1452 1839 1667 1880 eburneam
1680 1840 1908 1880 Minervam
1917 1839 2022 1879 facit.
2054 1839 2288 1880 Theaetetus
2349 1848 2351 1851 “

403 1896 718 1937 Mathematicus
728 1896 990 1953 cognoscitur.
1010 1896 1293 1950 Aristophanes
1308 1895 1431 1935 clarus
1447 1896 1614 1936 habetur
1625 1924 1637 1943 ‚
1655 1901 1692 1936 ὃ(
1713 1895 1935 1951 Sophocles
1947 1896 2286 1952 poetaTragicus.

403 1951 662 1992 Democritus
673 1952 903 1998 Abderites,
915 1956 954 1991 &
964 1952 1244 2005 Empedocles,
1259 1957 1297 1991 ὃ(
1308 1949 1579 2006 Hippocrates
1591 1953 1785 1998 medicus,
1797 1953 2237 2008 Gorgias‚Hippiasque
2250 1958 2289 1993 ὃς

401 2010 649 2056 Prodicus&
660 2007 1097 2056 Zeno,&Parmenides
1104 2008 1334 2062 Philosophi
1344 2008 1514 2064 insignes
1522 2008 1914 2049 habentur.Socrates
1924 2009 2097 2063 plurimo
2107 2009 2288 2050 sermone

403 2066 633 2107 celebratur.
653 2066 821 2106 Initium
838 2065 931 2105 belli
944 2062 1279 2117 Peloponnesiaci.
1302 2065 1566 2118 Bacchylides
1574 2066 1794 2103 carminum
1804 2065 1969 2117 scriptor
1978 2066 2212 2119 agnoscitur.
2234 2070 2290 2108 A-
2336 2090 2338 2093 v

404 2122 627 2163 thenienses
638 2122 859 2175 pestilentia
871 2120 1061 2160 laborant.
1073 2118 1340 2174 Thucydides
1351 2119 1586 2175 agnoscitur.
1598 2119 1766 2160 Pericles
1776 2121 1956 2160 moritur.
1972 2121 2137 2175 Eupolis
2150 2126 2188 2162 ὃ(
2199 2124 2289 2163 Ari-

404 2179 618 2233 stophanes
636 2178 841 2232 scriptores
852 2175 1159 2217 Comoediarum
1171 2176 1448 2231 agnoscuntur.
1474 2176 1535 2216 Ex
1545 2176 1670 2216 AEtna
1682 2189 1822 2217 monte
1832 2178 1936 2232 ignis
1945 2180 2130 2233 erumpit.
2161 2178 2289 2220 Terra

362 2274 364 2277 ,
405 2247 521 2276 motu
532 2234 640 2289 apud
651 2235 800 2274 Locros
809 2233 923 2279 scilla,
938 2232 1125 2273 Atalante
1134 2232 1234 2272 fafta
1243 2233 1297 2273 est
1305 2232 1437 2272 insula.
1468 2233 1582 2273 Plato
1591 2233 1768 2275 nascitur.
1799 2233 2145 2275 Lacedaemonii&
2157 2235 2287 2277 Athe-

405 2291 558 2332 nienses
570 2291 700 2331 foedus
711 2291 948 2346 percutiunt.
979 2289 1170 2331 Eudoxus
1191 2290 1364 2329 Cnidius
1383 2290 1507 2330 clarus
1524 2291 1704 2330 habetur.
1734 2290 2033 2331 Lacedaemonii
2050 2306 2122 2332 ver
2138 2291 2288 2333 sacrum

406 2348 636 2389 Heracliam
648 2347 885 2388 destinantes
895 2346 1035 2386 urbem
1047 2346 1240 2387 condunt.
1252 2346 1401 2387 Clades
1410 2374 1421 2392 ‚
1433 2361 1520 2400 quae
1530 2347 1841 2389 Atheniensibus
1851 2347 1997 2388 accidit
2007 2349 2050 2389 in
2061 2348 2202 2389 Sicilia.
2218 2349 2288 2389 Al-

408 2405 581 2446 cibiades
591 2404 783 2461 profugus
793 2404 891 2444 abiit
898 2404 949 2443 ad
956 2402 1259 2458 Tisaphernem.
1291 2403 1495 2460 AEgyptus
1504 2405 1525 2444 a
1535 2404 1656 2446 Perfis
1667 2403 1853 2445 disceffit.‘
1940 2447 1944 2451 ,
2115 2454 2118 2459 Δ

352 2462 496 2503 Romae
517 2463 744 2503 Clariorum
766 2475 871 2517 agon
887 2461 1134 2500 centenarius
1146 2462 1295 2514 primus
1306 2460 1423 2500 astus.
1453 2461 1759 2502 Trecentesimo
1771 2475 1876 2501 anno
1886 2462 1934 2501 ab
1944 2460 2060 2501 Urbe
2077 2462 2241 2504 condita
2261 2479 2288 2504 x

409 2520 482 2559 viri
494 2520 612 2560 creati
623 2546 635 2565 ,
655 2523 692 2559 &
708 2518 794 2572 post
813 2531 961 2557 annum
980 2516 1093 2570 ejesti
1104 2517 1192 2557 sunt
1199 2529 1361 2572 propter
1373 2518 1555 2572 Appium
1566 2518 1784 2559 Claudium
1797 2546 1809 2565 ,
1821 2519 1891 2572 qui
1901 2518 2075 2573 virginii
2083 2520 2289 2573 cujusdam

408 2576 530 2617 filiam
550 2587 687 2616 contra
703 2575 868 2616 Latinos
888 2575 930 2614 in
946 2573 1099 2630 Algido
1121 2574 1328 2615 militantis
1346 2575 1475 2615 voluit
1490 2576 1700 2616 abducere.
1737 2575 1916 2615 Romani
1928 2589 1997 2630 per
2008 2576 2160 2631 legatos
2171 2577 2220 2616 ab
2234 2579 2289 2616 A-

409 2633 676 2674 theniensibus
693 2633 779 2686 jura
796 2631 1046 2686 petiverunt:
1059 2645 1109 2671 ex
1133 2632 1278 2685 quibus
1298 2631 1518 2672 duodecim
1529 2632 1695 2672 Tabulae
1706 2633 1944 2686 conscriptae.
1976 2632 2153 2672 Tribuni
2163 2633 2289 2687 plebis

409 2695 447 2731 &
467 2690 623 2731 AEdiles
640 2691 784 2730 Romae
804 2688 896 2728 fasti
908 2723 916 2736 ‚
940 2687 1182 2728 Consulibus
1197 2688 1342 2742 ejeffis:
1370 2690 1516 2730 Romae
1536 2688 1685 2729 rursum
1707 2689 1902 2731 Consules
1913 2690 2043 2730 creati.
2074 2689 2288 2731 Fidenates

409 2758 546 2788 contra
555 2749 767 2801 Romanos
776 2746 977 2787 rebellant.
1009 2745 1121 2784 Gens
1133 2745 1433 2801 Campanorum
1446 2747 1488 2787 in
1499 2746 1613 2787 Italia
1624 2747 1848 2786 constituta.
2041 2755 2050 2763 ·

871 2857 1398 2899 PERSARUM
1455 2858 1766 2906 REGES.

527 2971 647 3013 Perfis
659 2972 840 3028 regnavit
853 2985 897 3010 x1
913 2971 1233 3015 ARTAxmxns,
1247 2971 1317 3023 qui
1327 2972 1555 3011 nominatus
1565 2970 1620 3011 est
1632 2971 1859 3018 MNEMON,
1906 2984 1996 3010 ann.
2013 2964 2094 3011 xi..

528 3028 647 3070 Persis
659 3029 840 3085 regnavit
860 3041 924 3068 x11
949 3029 987 3068 A
1000 3041 1066 3067 ΚΤ
1078 3042 1104 3067 A
1119 3042 1144 3067 x
1156 3042 1180 3067 E
1193 3042 1223 3067 R
1237 3041 1297 3067 xE
1310 3043 1328 3069 s
1340 3055 1352 3074 ,
1372 3029 1493 3082 qui&
1512 3028 1554 3069 O
1569 3043 1591 3068 c
1603 3042 1667 3068 1-1u
1681 3044 1699 3069 s
1712 3056 1724 3076 ,
1898 3042 1988 3068 ann.
2019 3041 2137 3068 XXVI.

820 3138 1448 3181 MACEDONUM
1507 3140 1816 3184 REGE‘S.

529 3251 827 3292 Macedonibus
838 3251 1018 3308 regnavit
1040 3266 1127 3292 xl11
1149 3251 1191 3292 O
1201 3266 1232 3293 R
1246 3266 1270 3292 E
1285 3268 1303 3293 s
1319 3266 1343 3292 Τ
1356 3267 1379 3292 E
1392 3268 1411 3294 s
1717 3255 1721 3259 “
1907 3265 1997 3291 ann.
2028 3262 2100 3294 11'1.

529 3308 826 3349 Macedonibus
836 3309 1015 3364 regnavit
1032 3322 1107 3348 xlv
1127 3309 1166 3348 A
1181 3323 1212 3348 R
1226 3323 1248 3348 c
1260 3325 1287 3348 H
1301 3323 1325 3348 E
1336 3325 1361 3350 L
1375 3325 1402 3350 A
1417 3324 1447 3350 U
1457 3326 1475 3352 s
1880 3323 1992 3360 „anm
2024 3323 2098 3353 iv„

463 3370 465 3372 '
529 3364 826 3404 Macedonibus
841 3366 1020 3420 regnavit
1034 3378 1089 3405 xv
1110 3365 1149 3403 A
1159 3378 1195 3404 M
1208 3380 1233 3406 Y
1248 3380 1278 3406 N
1289 3380 1313 3406 T
1327 3380 1353 3405 A
1366 3382 1384 3407 s
1904 3379 1993 3405 ann.
2029 3379 2058 3404 1.

529 3421 826 3461 Macedonibus
835 3423 1018 3476 regnavit
1035 3435 1107 3462 XVI
1130 3421 1266 3462 Ritus
1282 3437 1310 3463 A
1324 3438 1352 3463 N
1365 3438 1379 3462 1
1395 3439 1421 3464 A
1437 3440 1456 3465 s
1827 3437 1830 3439 ’
1905 3436 1994 3462 ann.
2027 3437 2056 3462 1.

531 3474 825 3518 Macedonibus
834 3480 1015 3533 regnavit
1032 3492 1129 3519 xvu
1151 3479 1190 3518 A
1205 3491 1274 3519 MY
1286 3494 1316 3519 N
1328 3494 1352 3519 T
1366 3495 1392 3520 A
1408 3495 1427 3520 s
1909 3493 1998 3518 ann.
2031 3491 2090 3517 VI.

529 3532 826 3574 Macedonibus
838 3536 1016 3589 regnavit
1033 3549 1148 3576 xvnI
1167 3535 1206 3574 A
1217 3550 1248 3576 R
1262 3550 1288 3576 G
1302 3551 1330 3576 A
1343 3551 1366 3576 E
1381 3550 1405 3575 u
1418 3551 1438 3576 s
1851 3586 1853 3588 Ι
1905 3549 1994 3575 ann.
2027 3548 2076 3574 11.

528 3589 825 3631 Macedonibus
836 3591 1016 3646 regnavit
1036 3606 1110 3632 xix
1131 3593 1171 3633 A
1183 3606 1220 3633 M
1234 3607 1258 3634 Y
1269 3608 1299 3634 N
1311 3607 1336 3633 Τ
1349 3606 1375 3632 A
1389 3609 1407 3634 s
1902 3605 1989 3631 ann.
2023 3603 2150 3632 xvnr.

2153 3646 2289 3687 Mace-
