2366 4040
367 239 444 289 ,ηε
685 201 1967 277 CANONVMISAGO'GIC-ORVM

419 296 463 337 In
475 297 701 337 Canonibus
716 298 854 337 Graecis
868 294 1051 338 vocaturn‘
1061 291 1187 347 πρώτη,
1199 286 1348 344 δευτέρᾳ,
1361 293 1462 344 τότε]
1475 289 1632 348 ἑβδομιδς
1647 298 1917 344 τῆςπναηκοςὶῖς.
1933 311 1975 338 ut
1987 300 2136 340 Canon.
2150 305 2255 335 ῑᾱῑῑῖῖ
2302 334 2305 336 .

417 354 588 409 Apostol.
605 360 674 394 &c.
699 354 891 406 Ignoratio
906 354 1018 405 igitur
1030 349 1129 388 istius
1141 361 1219 387 tam
1230 361 1384 394 vexatae,
1400 355 1438 390 δε
1454 350 1587 391 frustra
1607 352 1838 407 inuestigatae
1859 358 1912 393 rei
1929 353 2125 396 referenda
2140 357 2192 396 est
2206 355 2254 394 ad

416 424 574 465 prauam
587 407 920 462 compositionem,
931 420 1015 460 quae
1025 409 1126 460 prius
1141 405 1478 446 membrumhuius
1492 411 1658 447 nominis
1671 422 1754 448 non
1777 404 1943 460 δευτέρῳ,
1967 408 2029 449 sed
2041 406 2179 467 δεύτερον
2197 411 2251 450 fa-

416 470 482 510 cit,
496 479 537 507 ut
555 479 600 504 ex
616 465 688 503 hac
696 462 979 517 compositione
991 461 1098 501 fieret
1107 461 1381 517 praeposterum
1394 463 1614 509 Sabbatum,
1624 477 1706 505 non
1716 476 1844 516 autem
1859 465 2068 505 Sabbatum
2087 471 2255 521 primum

415 536 438 561 a
449 520 627 575 postridie
645 518 796 558 Pascha.
811 519 855 557 In
867 531 1126 573 quancunque
1143 522 1258 574 igitur
1271 517 1374 559 diem
1386 518 1656 560 Hebdomadis
1674 520 1858 561 incideret
1876 526 1930 557 x—vi
1945 521 2078 564 Nisam,
2101 522 2161 560 illa
2177 522 2254 562 dies

415 576 612 616 dicebatur
636 569 784 625 ‹lev-siey:
800 581 838 614 &
848 573 1124 630 consequenter
1131 577 1172 613 in
1183 587 1271 616 toto
1281 576 1482 616 interuallo
1493 577 1733 617 Pentecostes
1746 591 1790 617 ea
1805 577 1882 617 dies
1891 577 2090 617 vocabitur
2104 572 2253 628 δευτέρα.

412 632 519 675 Esto,
548 631 653 670 verbi
673 635 792 686 gratia
809 638 862 667 >w
884 630 961 671 dies
980 630 1101 671 Nisan
1116 629 1207 670 feria
1225 630 1334 671 sexta.
1353 636 1478 671 omnis
1502 633 1592 672 feria
1616 632 1715 673 sexta
1730 637 1770 672 in
1792 646 1879 674 toto
1896 635 2095 674 interuallo
2109 634 2255 674 dicetur

409 683 549 739 δευτέρᾳ
561 687 692 741 πρώτης
705 682 900 739 ἑβδομάδος
911 714 924 732 ,
948 682 1124 738 δευτίρρις,
1145 686 1272 741 τρῖτηςτ
1294 686 1392 727 adeo
1416 699 1460 727 ut
1471 688 1546 743 ipsa
1565 703 1721 744 quoquc
1738 689 1817 729 dies
1836 689 1998 730 solennis
2017 689 2256 746 pentecostes

410 743 598 783 diceretur
612 738 760 795 δευτέρᾳ.
793 744 916 783 Leuit.
947 747 1041 788 Χῖιῖῖ,
1072 751 1124 781 16.
1144 743 1205 786 ἕως
1225 746 1282 788 τὶἷς
1299 739 1455 794 δευτέξᾳς
1477 743 1642 796 (ἤμέρρις)
1667 741 1872 797 τῆςὲέδόμης
1901 740 2108 798 ἑβδομάδος.
2141 745 2259 800 Qin

409 804 524 838 etiam
551 801 742 839 Samaritae
759 797 835 839 πων
844 795 996 850 δευτέρριν
1011 813 1093 841 non
1110 798 1232 839 solum
1241 811 1385 839 vocant
1396 812 1496 844 eam,
1507 803 1548 838 in
1560 815 1636 854 qua
1651 802 1776 840 Omer
1789 801 1957 845 offertur,
1972 802 2034 842 sed
2048 806 2162 841 etiam
2173 815 2258 840 om-

407 870 474 895 nes
497 856 693 910 deinceps,
710 869 793 910 quae
806 859 846 894 in
856 856 1020 896 eandem
1038 856 1171 894 feriam
1184 858 1401 899 incurrunt,
1416 869 1508 909 quas
1522 860 1573 895 ita
1588 870 1806 902 numerant,
1822 862 1945 913 prima
1961 854 2110 909 δευτέρᾳ,
2128 856 2259 897 secun-

408 911 456 951 da
468 908 614 963 Seu-5594,
633 915 742 951 tertia
762 907 913 963 δευτέρρι,
928 917 1000 951 &o
1035 911 1285 966 Exemplum:
1303 912 1498 952 ponamus
1520 926 1630 952 omer
1644 913 1817 952 oblatum
1829 921 1881 950 κ’νῑ
1898 915 2054 968 Aprilis,
2081 914 2172 952 feria
2213 917 2259 952 ri-

407 982 479 1010 ma,
500 968 606 1007 litera
620 969 856 1008 Dominicali
869 971 914 1007 A.
925 968 1156 1022 Vbicunque
1172 979 1349 1009 occurret
1363 969 1472 1008 litera
1484 969 1529 1012 A,
1543 968 1621 1008 hoc
1629 967 1682 1007 est
1689 967 1781 1008 feria
1789 972 1988 1024 prima,·ea
2003 981 2162 1009 vocatur
2182 927 2259 1009 δευ-

405 1023 498 1075 -τέρρε,
511 1038 673 1079 eamque
681 1023 813 1065 festam
828 1024 987 1075 habent,
1003 1029 1239 1081 &praecipua
1255 1025 1439 1080 religione
1460 1024 1606 1064 colunt:
1621 1027 1674 1063 ita
1685 1037 1729 1064 ut
1746 1028 1845 1065 inter
1859 1026 2100 1066 oblationem
2120 1025 2258 1070 Ornet,

359 1093 364 1095 ·
407 1086 444 1119 δε
467 1084 679 1120 maximum
697 1080 852 1121 solenne
864 1081 1131 1133 Pentecostes,
1152 1086 1351 1136 incurrant
1367 1079 1515 1136 septem
1536 1076 1697 1131 δευτέρῳ,
1719 1095 1763 1120 ac
1780 1080 1945 1137 proinde
1967 1094 2028 1121 tot
2051 1081 2258 1122 extraordi-

405 1140 496 1186 narij
519 1135 601 1177 festi
622 1136 700 1177 dies
714 1139 963 1183 celebrentur,
982 1151 1149 1194 quorum
1169 1139 1323 1177 ultimus
1344 1141 1385 1177 in
1402 1137 1584 1193 superiori
1603 1138 1783 1193 exemplo
1801 1137 1914 1178 fuerit
1937 1141 1979 1176 in
1998 1142 2093 1173 ,ᾶῑΐιῖι
2108 1137 2203 1197 Mai,
2221 1142 2262 1176 δε

404 1192 568 1248 proinde
584 1197 624 1232 in
641 1207 775 1248 quarta
792 1195 899 1245 Iunij‚
922 1194 975 1236 est
992 1194 1306 1250 quinquagesima
1319 1198 1403 1234 affl
1423 1193 1583 1249 Aprilis,
1597 1197 1638 1233 in
1650 1207 1727 1248 qua
1753 1194 1879 1233 Omer
1891 1193 2039 1234 oblatus
2054 1193 2137 1233 fuit.
2170 1193 2259 1233 Hu-

403 1253 459 1288 ius
483 1247 755 1290 obseruationis
782 1251 964 1306 ipsosmet
990 1252 1191 1292 samaritas
1214 1251 1326 1291 testes
1351 1250 1546 1294 dabimus,
1581 1254 1648 1305 qui
1675 1254 1716 1289 in
1736 1247 1809 1289 suo-
1829 1249 2059 1294 Chronico,
2088 1248 2196 1304 quod
2214 1262 2261 1288 ex

403 1305 573 1346 Hebraeo
596 1310 636 1347 in
656 1306 898 1347 Arabifinum
918 1306 1145 1347 conuersum
1168 1320 1286 1362 penes
1313 1319 1387 1346 nos
1408 1306 1595 1346 habemus
1609 1335 1618 1350 ,
1646 1310 1699 1345 ita
1722 1304 1900 1346 scribunt.
1957 1305 2088 1359 Miffus
2105 1305 2152 1359 cst
2167 1320 2262 1345 nun-

401 1364 475 1401 cim
488 1362 623 1401 decima
638 1363 696 1411 dtfe
713 1363 835 1415 mensts
843 1363 997 1416 stcundi
1010 1367 1101 1402 anni
1114 1362 1279 1418 vigesimi
1280 1366 1400 1418 primi
1411 1377 1450 1402 re
1474 1368 1502 1401 is
1522 1362 1775 1414 Istaelidarum
1790 1366 1862 1410 (ita
1875 1361 2023 1401 Iosuam
2035 1360 2156 1401 filium
2163 1361 2261 1402 Nun

402 1426 562 1469 vocant)
579 1434 624 1458 ex
645 1434 712 1474 quo
734 1419 975 1473 ingrfffimt
990 1418 1084 1455 hanc
1095 1421 1286 1471 regionem.
1344 1378 1505 1467 Instalgat
1523 1427 1644 1455 autem
1665 1419 1794 1471 quinta
1810 1417 1969 1455 Secunda
1987 1417 2062 1456 dies
2064 1416 2172 1471 ftsti,
2195 1416 2261 1457 hoc

400 1474 678 1526 estftlennitatbs
693 1473 1021 1513 Hebdomadarum.
1038 1485 1153 1511 vocat
1172 1475 1353 1524 quintam.
1367 1472 1390 1510 S
1399 1482 1421 1510 Ε
1433 1483 1457 1510 c
1470 1484 1496 1510 v
1510 1484 1536 1510 N
1550 1484 1575 1510 D
1591 1485 1619 1511 A
1629 1484 1680 1515 M,
1714 1470 1795 1510 hoc
1808 1472 1874 1515 est,
1902 1470 2072 1524 πέμπτίω
2091 1470 2258 1524 δευτέρῳ,

401 1543 594 1584 eam,quae
604 1534 737 1584 quinta
756 1542 837 1569 erat
845 1529 893 1568 ab
906 1528 1256 1566 oblatione-omer.
1292 1525 1427 1565 Postea
1439 1537 1591 1568 narrat,
1610 1524 1815 1578 quomodo
1833 1527 1999 1581 populus
2020 1540 2099 1568 erat
2117 1527 2258 1577 solutus

400 1588 442 1624 in
457 1586 637 1630 laetiti'am,
649 1588 828 1625 &otium
849 1581 1052 1635 quomodo
1071 1579 1164 1620 solet
1177 1580 1277 1625 fieri,
1294 1581 1453 1634 quando
1470 1580 1636 1636 populus
1657 1580 1822 1620 feriatur.
1845 1582 1962 1636 Igitur
1976 1588 2015 1623 ὃς
2031 1597 2192 1624 omnem
2204 1583 2258 1624 fe.

381 1652 386 1659 ·
402 1645 508 1684 riam,
518 1654 601 1692 quae
615 1640 774 1692 septima
784 1637 837 1677 cst
849 1637 897 1676 ab
913 1636 1110 1676 oblatione
1125 1637 1264 1680 Omer,
1281 1631 1437 1688 Seu-:iffi
1456 1648 1609 1679 vocant,
1624 1649 1668 1675 ut
1687 1636 1812 1677 Leuit.
1841 1641 2003 1684 κᾞῑᾙω,
2025 1644 2063 1678 &
2075 1653 2161 1679 eam
2179 1640 2259 1680 cul-

400 1708 441 1734 tu
451 1699 646 1750 praecipuo
659 1692 871 1733 obseruant.
890 1692 1000 1737 ,Hoc
1007 1705 1049 1733 ut
1063 1690 1243 1736 facerent,
1255 1692 1400 1733 inducti
1422 1690 1605 1733 suntloco
1620 1693 1781 1733 Numer.
1799 1696 1908 1736 iffi,
1931 1702 1993 1733 26.
2007 1702 2052 1734 In
2060 1694 2183 1735 dtebm
2193 1711 2259 1736 au-

397 1762 470 1790 tem
473 1754 738 1806 primitiarum,
745 1750 825 1803 siue
831 1745 1112 1806 primi'n'uarum
1116 1750 1284 1805 frugum,
1296 1749 1439 1807 quando
1451 1748 1601 1805 offeretis
1619 1750 1792 1789 nouellam
1811 1748 2029 1794 oblationem
2047 1757 2122 1791 Deo
2137 1754 2178 1791 in
2186 1767 2254 1792 ve-
2288 1794 2291 1797 Δ
2349 1799 2363 1811 „

385 1808 473 1860 stris
491 1804 1342 1862 Hebdomadibus,habebimficrampanegyrin.
1372 1807 1488 1861 Ergo,
1508 1809 1701 1861 mquiunt‚
1723 1805 1904 1846 omnibus
1918 1806 2258 1854 Hebdomadibus,

397 1862 477 1902 hoc
497 1863 569 1907 est,
601 1862 750 1903 omnib.
786 1857 955 1914 Sevi-{3915
967 1890 979 1908 ,
998 1861 1101 1903 sacra,
1118 1856 1317 1919 panegyri's
1336 1862 1564 1903 celebranda
1575 1892 1585 1906 ‚
1603 1862 1708 1902 unde
1724 1863 1918 1904 Samaritae
1930 1861 2071 1905 merito
2086 1878 2108 1904 a
2124 1864 2259 1905 Iudaeis

395 1925 519 1972 'synaxi
529 1922 686 1969 σεβειίῖοι
697 1947 709 1964 ,
727 1919 806 1960 hoc
819 1919 872 1960 est
883 1914 1103 1971 ὲςδομσιδῒπᾳ
1116 1947 1126 1962 ,
1145 1918 1242 1962 ἀίᾶἰ,
1260 1919 1369 1974 quod
1382 1932 1543 1960 omnem
1557 1913 1712 1972 δευτέρῳ
1728 1924 1793 1961 τῶν
1815 1918 1896 1961 ἑνῗὶα)
1907 1923 1963 1967 τῆς
1972 1924 2172 1968 mmmm-37⁹5
2193 1921 2259 1970 ἑβ-

396 1972 555 2029 δομάδων
567 1977 702 2016 eadem
715 1977 912 2032 religione,
929 1984 1005 2032 qua
1018 1975 1139 2032 ipsum
1148 1981 1348 2023 πεντηκοςῆς
1362 1975 1467 2017 diem
1479 2004 1490 2022 ‚
1509 1976 1655 2017 colunt.
1683 1976 1925 2034 Epiphanius
1939 1977 2118 2018 Sebuaeos
2139 1977 2259 2022 haere-

397 2037 494 2074 ticos
506 2048 552 2074 ex
568 2034 816 2078 Samarismo,
832 2039 872 2073 δε
885 2036 963 2073 eius
982 2032 1117 2073 sectam
1139 2032 1346 2089 separatam
1359 2031 1465 2073 fuisse
1485 2032 1589 2074 dicit.
1603 2034 1713 2089 quod
1730 2034 1911 2090 quidem,
1933 2046 1977 2075 ut
1996 2039 2036 2074 δε
2049 2035 2120 2074 alia
2135 2034 2258 2074 multa
2306 2080 2314 2090 .

394 2089 498 2145 apud
514 2090 621 2130 illum
635 2088 876 2145 scriptorem,
907 2090 956 2130 ab
970 2089 1134 2130 historiae
1149 2089 1226 2129 fide
1239 2088 1386 2145 prorsus
1398 2090 1566 2131 alienum
1584 2091 1646 2131 est.
1680 2093 1758 2132 Res
1783 2093 1860 2147 ipsa
1879 2090 2007 2145 palam
2024 2086 2252 2130 aduersatur.

394 2146 510 2186 Iudaei
527 2150 642 2202 igitur
651 2151 703 2186 ita
717 2147 917 2187 Samaritas
926 2161 995 2203 per
1013 2147 1291 2187 contumeliam
1301 2148 1509 2202 vocabant,
1521 2146 1630 2202 quod
1644 2161 1727 2188 non
1739 2146 1863 2187 solum
1883 2157 1944 2186 tot
1960 2145 2040 2187 dies
2059 2146 2172 2186 festos
2189 2145 2259 2186 ha-

394 2201 500 2244 bent,
519 2216 618 2255 quot
629 2203 714 2243 sunt
722 2197 865 2259 δευτέρου
878 2208 919 2243 in
937 2203 1179 2245 Pentecostes
1193 2204 1408 2250 interuallo,
1424 2204 1487 2244 sed
1508 2209 1624 2245 etiam
1644 2203 1754 2260 quod
1768 2201 1922 2243 aliunde
1931 2205 2084 2242 initium
2099 2207 2258 2257 capiunt

394 2259 451 2300 ὀἷς
467 2261 675 2300 πεντηκοςιῖς,
693 2273 810 2310 quam
823 2261 927 2299 unde
940 2260 1019 2314 ipsi.
1079 2262 1192 2315 Qia
1204 2265 1309 2302 enim
1322 2262 1505 2316 scriptura
1525 2261 1638 2305 dicit,
1660 2259 1880 2300 numerabis
1898 2258 1967 2298 tibi
1981 2257 2127 2312 septem
2144 2257 2255 2311 septi-

395 2326 526 2352 manas
539 2311 594 2360 »(ρᾷ
606 2311 809 2363 οἰωθμῆσεπ
823 2314 898 2363 ὑμῖν
910 2313 1041 2358 >lv-13⁷&
1050 2316 1210 2364 {nudem
1221 2320 1285 2354 τῶν
1313 2316 1509 2362 σαββάτων
1519 2343 1530 2360 ,
1557 2322 1628 2354 διε.
1643 2316 1694 2352 illi
1708 2314 1743 2353 n*
1758 2311 2054 2361 ουίββαιπνῖῌαά
2067 2315 2253 2367 interpre-

396 2380 527 2407 tantur
539 2367 748 2406 Sabbatum
764 2367 1021 2412 ordinarium,
1043 2373 1109 2422 qui
1121 2370 1259 2408 dicitur
1276 2371 1354 2409 dies
1374 2371 1535 2408 Saturni.
1595 2369 1689 2407 Ideo
1709 2368 1858 2421 semper
1877 2368 2065 2407 samaritis
2084 2370 2105 2414 ἦ
2115 2362 2255 2419 δευτέὕι

397 2424 451 2463 est
464 2422 555 2463 feria
564 2426 697 2478 prima,
711 2436 952 2478 quaecunque
962 2428 1138 2478 proxima
1158 2437 1258 2467 ante,
1274 2437 1339 2463 aut
1360 2424 1446 2479 post
1462 2426 1615 2463 tertiam
1630 2422 1824 2462 decimam
1838 2423 1968 2462 Nisan.
1985 2434 2030 2462 ut
2043 2426 2085 2461 in
2094 2422 2174 2463 h'oc
2187 2436 2254 2463 ex-

397 2480 538 2533 emplo,
553 2481 643 2531 qui'a
651 2476 801 2517 decima
812 2478 967 2518 secundi
979 2478 1127 2520 mensis,
1147 2479 1223 2516 fine
1237 2480 1321 2526 Ijar,
1334 2490 1414 2515 erat
1426 2483 1567 2530 quinta
1578 2473 1730 2527 δευτέρᾳ,
1742 2476 1829 2516 ideo
1840 2480 1917 2517 iam
1931 2490 2098 2532 quatuor
2105 2472 2253 2534 δευτέρας

396 2538 666 2591 praeterierant,
679 2532 758 2571 hoe
776 2532 830 2571 est
841 2535 943 2568 κῖνῑι
960 2532 1052 2575 dies,
1082 2544 1244 2585 quarum
1260 2534 1503 2585 primainiuit
1521 2530 1755 2571 duodecima
1772 2532 1907 2578 Nisan,
1922 2532 2166 2588 quaeestferia
2175 2539 2253 2591 pri-

396 2605 461 2631 ma
475 2592 652 2645 proxima
664 2599 754 2627 ante
774 2592 847 2622 κῑιῖι
873 2585 1007 2627 Nisan.
1044 2586 1213 2627 Proinde
1232 2585 1350 2628 Nisan
1372 2586 1432 2626 ille
1445 2590 1558 2626 iniuit
1577 2586 1670 2627 feria
1691 2586 1859 2642 septima.
1889 2589 2008 2630 Aliud
2030 2592 2251 2647 exemplum

398 2662 444 2688 ex
458 2646 600 2687 eodem
611 2642 828 2684 Chronico.
858 2642 916 2682 Ibi
932 2642 1115 2699 scriptum
1134 2655 1258 2688 extat,
1291 2657 1394 2683 anno
1413 2647 1542 2698 primo
1558 2643 1690 2686 Iosuae‚
1720 2643 1800 2684 hoc
1818 2644 1872 2685 est
1891 2659 1957 2690 eo,
1979 2660 2059 2700 quo
2073 2646 2252 2688 Israelidae

397 2701 548 2758 ingreffi
569 2701 654 2741 sunt
671 2712 824 2744 terram,
835 2700 1120 2754 quartadecima
1137 2699 1273 2740 menfis
1291 2703 1429 2755 primi,
1451 2713 1516 2740 eos
1533 2713 1668 2755 azyma
1679 2700 1901 2746 comedisse,
1921 2701 1970 2742 de
1990 2703 2182 2758 frugibus,
2212 2709 2251 2743 δε

398 2758 578 2800 fructibus
599 2754 822 2813 degustasse,
853 2771 899 2796 ae
922 2770 1065 2796 manna
1085 2754 1243 2797 cessasse.
1274 2756 1442 2796 Proinde
1468 2769 1565 2795 x111
1579 2771 1592 2796 1
1624 2756 1761 2796 menfis
1780 2757 1874 2797 illius
1899 2755 2005 2799 fuiffe
2026 2758 2159 2799 feriam
2172 2762 2249 2816 pri-

400 2829 516 2856 mam.
547 2814 649 2852 Tam
667 2812 801 2854 craffus
819 2826 924 2853 error
948 2827 995 2854 ex
1008 2817 1252 2868 ignoratione
1276 2817 1380 2867 vocis
1399 2812 1569 2853 Sabbath
1592 2825 1702 2853 natus
1724 2813 1788 2853 est.
1840 2814 1967 2860 Nam,
1983 2828 2028 2855 ut
2042 2815 2249 2856 mediocri-

401 2886 459 2913 ter
485 2871 679 2910 Hebraice
705 2869 808 2909 dodi
831 2867 952 2910 sciunt
970 2900 979 2913 ‚
1010 2871 1062 2909 ibi
1092 2884 1175 2910 non
1207 2869 1260 2909 est
1287 2869 1522 2909 ordinarium
1552 2869 1761 2910 Sabbatum
1773 2900 1784 2915 ‚
1820 2868 1884 2910 sed
1914 2871 2247 2925 quemadmodum

401 2932 472 2980 πρῴ
493 2933 530 2966 δε
544 2930 637 2982 ‘inat-xi
652 2940 723 2982 pro
740 2925 881 2966 eodem
899 2927 1097 2966 sumuntur
1111 2954 1121 2968 ,
1138 2939 1281 2981 nempe
1298 2940 1368 2981 pro
1387 2925 1579 2966 ordinario
1597 2925 1720 2967 Exodi
1736 2933 1807 2970 ἓῖνῖ,
1839 2940 1891 2977 23.
1923 2930 2026 2972 ῆν,
2057 2942 2093 2967 2.
2123 2928 2245 2968 Leuit.

399 2989 491 3025 πω,
512 2998 541 3034 3.
569 2988 623 3023 ita
641 2983 706 3022 hic
722 2988 794 3025 naui
813 2996 884 3038 pro
896 2985 992 3038 tinnio·
1004 2981 1230 3042 sumendum
1247 2981 1323 3022 est:
1354 2986 1460 3038 atqui
1479 2980 1703 3022 Sabbathon
1723 2981 1820 3038 ginali
1834 2996 1915 3023 non
1930 2994 2080 3023 tantum
2093 2997 2167 3039 pro
2186 2998 2247 3025 or-

403 3040 561 3083 dinario,
573 3052 616 3079 ut
631 3042 708 3079 iam
721 3038 1024 3078 demonstratum
1041 3039 1112 3082 est,
1139 3038 1202 3078 sed
1213 3043 1328 3078 etiam
1346 3053 1417 3095 pro
1442 3042 1578 3094 quouis
1593 3039 1746 3082 solenni,
1782 3042 1822 3077 in
1837 3054 1915 3094 quo
1935 3038 1982 3077 ab
1999 3053 2116 3095 opere
2133 3038 2246 3092 cessa-

405 3108 478 3141 tur,
492 3095 711 3151 usurpatum
730 3095 797 3139 est,
811 3107 854 3134 ut
866 3095 988 3135 Leuit.
1001 3101 1062 3138 κ-νι,
1083 3105 1125 3145 31,
1144 3094 1262 3134 dedic
1277 3096 1522 3151 Kipphurim.
1537 3099 1575 3134 δε
1594 3099 1688 3140 ῡῑι,
1718 3108 1772 3145 23,
1785 3093 1833 3135 de
1851 3100 2056 3136 neomenia
2072 3094 2178 3135 Tisri.
2210 3096 2246 3135 1-

406 3156 507 3207 gitur
526 3157 565 3191 in
586 3150 789 3202 dqfflpen‘ow
811 3151 887 3202 ὑμῖν
904 3151 973 3191 xm?
986 3154 1043 3197 τῆς
1063 3148 1221 3202 ὲπίυῃον
1240 3154 1304 3191 τῶν
1331 3152 1525 3199 σαββάτων
1538 3180 1548 3195 .
1581 3163 1663 3189 non
1683 3151 1918 3202 ordinarium
1945 3152 2153 3192 Sabbatum
2178 3150 2244 3192 de-

407 3212 531 3248 notari
560 3208 695 3263 potest.
754 3208 949 3247 Incertum
976 3212 1079 3247 enim
1104 3211 1174 3247 erit
1203 3207 1402 3262 quodnam
1434 3207 1643 3248 Sabbatum
1675 3206 1910 3248 ordinarium
1939 3207 2241 3263 intelligendum,

410 3277 458 3301 an
475 3264 581 3318 quod
598 3268 766 3319 primum
781 3267 821 3302 in
840 3267 1032 3319 principio
1050 3263 1207 3306 mensis'‚
1222 3277 1287 3304 aut
1299 3270 1337 3303 in
1352 3264 1500 3309 medio,
1520 3276 1585 3303 aut
1598 3262 1889 3318 proximeafine
1905 3276 2090 3304 occurret.
2113 3262 2241 3319 Qod

411 3319 463 3358 est
487 3321 698 3360 absurdum.
745 3321 901 3374 ·Qum
919 3324 1032 3375 igitur
1047 3334 1129 3359 non
1142 3320 1255 3374 poss'it
1269 3319 1340 3361 effe
1355 3316 1589 3361 ordinarium
1604 3320 1829 3362 Sabbatum,
1863 3320 2043 3375 superest,
2061 3333 2104 3360 ut
2122 3320 2170 3359 de
2183 3316 2240 3358 sb-

410 3375 534 3418 lenm,
552 3391 571 3414 a
592 3391 671 3430 quo
692 3376 740 3415 ab
760 3390 877 3430 opere
886 3375 1053 3419 cess'atur,
1086 3376 1373 3432 intelligendum
1385 3377 1436 3416 fit.
1468 3377 1531 3416 De
1545 3391 1623 3430 quo
1638 3381 1765 3431 potius
1787 3376 2095 3432 intelligendum,
2123 3386 2238 3428 quam

412 3430 460 3470 de
474 3445 538 3473 eo,
570 3432 617 3469 dc
636 3447 713 3484 quo
733 3432 854 3470 sermo
881 3445 959 3471 erat
976 3460 986 3476 ‚
1016 3445 1159 3486 nempe
1174 3433 1222 3473 de
1237 3441 1284 3470 ‘x'v
1299 3437 1412 3489 primi
1437 3432 1573 3472 menfis
1594 3442 1604 3472 ἓ
1632 3433 1734 3488 Ergo
1747 3427 1914 3484 η’δευτέρρι
1928 3433 1980 3471 est
1998 3446 2060 3477 επις
2090 3443 2172 3483 quae
2186 3428 2236 3468 se-

398 3491 540 3541 ¹quitur
570 3493 609 3524 fv
638 3491 749 3539 primi
767 3487 913 3527 menfis'.
951 3488 1183 3529 Notandum
1203 3503 1293 3531 vero
1314 3492 1490 3530 accurate
1507 3493 1606 3529 inter
1625 3491 1660 3531 se
1674 3487 1824 3529 differre
1845 3502 1930 3548 ⁰937!
1946 3484 2103 3553 mfflfhj‘:
2116 3483 2235 3554 οἵυμον

2044 3558 2096 3585 πυ
2111 3556 2236 3596 mxx,
