<?xml version="1.0" encoding="UTF-8"?>
<!DOCTYPE html PUBLIC "-//W3C//DTD XHTML 1.0 Transitional//EN"
    "http://www.w3.org/TR/xhtml1/DTD/xhtml1-transitional.dtd">
<html xmlns="http://www.w3.org/1999/xhtml" xml:lang="en" lang="en">
 <head>
  <title>
</title>
<meta http-equiv="Content-Type" content="text/html;charset=utf-8" />
  <meta name='ocr-system' content='tesseract 3.04.00' />
  <meta name='ocr-capabilities' content='ocr_page ocr_carea ocr_par ocr_line ocrx_word'/>
</head>
<body>
  <div class='ocr_page' id='page_1' title='image "./thesaurustemporu00euse_1352.png"; bbox 0 0 2366 4040; ppageno 0'>
   <div class='ocr_carea' id='block_1_1' title="bbox 368 317 1950 366">
    <p class='ocr_par' dir='ltr' id='par_1_1' title="bbox 368 317 1950 366">
     <span class='ocr_line' id='line_1_1' title="bbox 368 317 1950 366; baseline -0.002 -1"><span class='ocrx_word' id='word_1_1' title='bbox 368 317 438 365; x_wconf 80' lang='lat'>&#39;186</span> <span class='ocrx_word' id='word_1_2' title='bbox 657 318 1950 366; x_wconf 70' lang='lat' dir='ltr'>CANONVMISAGOGICORVM</span> 
     </span>
    </p>
   </div>
   <div class='ocr_carea' id='block_1_2' title="bbox 381 386 2252 3329">
    <p class='ocr_par' dir='ltr' id='par_1_2' title="bbox 408 386 2252 2619">
     <span class='ocr_line' id='line_1_2' title="bbox 424 386 2250 450; baseline 0 -19"><span class='ocrx_word' id='word_1_3' title='bbox 424 389 564 431; x_wconf 77' lang='lat' dir='ltr'>semisse</span> <span class='ocrx_word' id='word_1_4' title='bbox 573 390 663 434; x_wconf 71' lang='lat' dir='ltr'>diei,</span> <span class='ocrx_word' id='word_1_5' title='bbox 688 397 726 441; x_wconf 65' lang='grc' dir='ltr'>βε</span> <span class='ocrx_word' id='word_1_6' title='bbox 743 389 888 442; x_wconf 83' lang='lat' dir='ltr'>aliquot</span> <span class='ocrx_word' id='word_1_7' title='bbox 899 386 1075 442; x_wconf 81' lang='lat' dir='ltr'><strong>scrupulis</strong></span> <span class='ocrx_word' id='word_1_8' title='bbox 1087 418 1095 426; x_wconf 90' lang='lat'><strong>.</strong></span> <span class='ocrx_word' id='word_1_9' title='bbox 1129 388 1272 442; x_wconf 82' lang='lat' dir='ltr'>Qum</span> <span class='ocrx_word' id='word_1_10' title='bbox 1287 391 1400 442; x_wconf 85' lang='lat' dir='ltr'>igitur</span> <span class='ocrx_word' id='word_1_11' title='bbox 1411 386 1582 427; x_wconf 85' lang='lat' dir='ltr'>mensem</span> <span class='ocrx_word' id='word_1_12' title='bbox 1593 390 1750 444; x_wconf 90' lang='lat' dir='ltr'>plenum</span> <span class='ocrx_word' id='word_1_13' title='bbox 1763 389 2023 430; x_wconf 85' lang='lat' dir='ltr'>constituimus</span> <span class='ocrx_word' id='word_1_14' title='bbox 2035 419 2046 435; x_wconf 89' lang='lat'><strong>,</strong></span> <span class='ocrx_word' id='word_1_15' title='bbox 2066 396 2250 450; x_wconf 68' lang='lat' dir='ltr'>trigesima</span> 
     </span>
     <span class='ocr_line' id='line_1_3' title="bbox 424 439 2250 500; baseline -0.001 -13"><span class='ocrx_word' id='word_1_16' title='bbox 424 451 501 487; x_wconf 89' lang='lat' dir='ltr'>eius</span> <span class='ocrx_word' id='word_1_17' title='bbox 511 446 589 487; x_wconf 85' lang='lat' dir='ltr'>dies</span> <span class='ocrx_word' id='word_1_18' title='bbox 602 446 719 485; x_wconf 85' lang='lat' dir='ltr'>habet</span> <span class='ocrx_word' id='word_1_19' title='bbox 731 444 881 482; x_wconf 84' lang='lat' dir='ltr'>Lunam</span> <span class='ocrx_word' id='word_1_20' title='bbox 893 455 1061 482; x_wconf 87' lang='lat' dir='ltr'>veterem</span> <span class='ocrx_word' id='word_1_21' title='bbox 1072 448 1109 482; x_wconf 84' lang='lat'>&amp;</span> <span class='ocrx_word' id='word_1_22' title='bbox 1120 456 1273 483; x_wconf 89' lang='lat' dir='ltr'>nouam.</span> <span class='ocrx_word' id='word_1_23' title='bbox 1309 442 1421 483; x_wconf 89' lang='lat' dir='ltr'>Vnde</span> <span class='ocrx_word' id='word_1_24' title='bbox 1430 439 1497 482; x_wconf 66' lang='grc' dir='ltr'>τᾶδ</span> <span class='ocrx_word' id='word_1_25' title='bbox 1505 440 1694 494; x_wconf 48' lang='lat' dir='ltr'>ramos&amp;</span> <span class='ocrx_word' id='word_1_26' title='bbox 1705 445 1896 499; x_wconf 80' lang='lat' dir='ltr'>eleganter</span> <span class='ocrx_word' id='word_1_27' title='bbox 1905 445 2024 485; x_wconf 88' lang='lat' dir='ltr'>Solon</span> <span class='ocrx_word' id='word_1_28' title='bbox 2039 446 2112 486; x_wconf 73' lang='grc' dir='ltr'>ἔνῖω</span> <span class='ocrx_word' id='word_1_29' title='bbox 2121 452 2250 500; x_wconf 52' lang='lat' dir='ltr'>’wve‘ou</span> 
     </span>
     <span class='ocr_line' id='line_1_4' title="bbox 422 498 2249 549; baseline 0.002 -6"><span class='ocrx_word' id='word_1_30' title='bbox 422 506 592 543; x_wconf 88' lang='lat' dir='ltr'>vocauit:</span> <span class='ocrx_word' id='word_1_31' title='bbox 610 501 688 539; x_wconf 90' lang='lat' dir='ltr'>hoc</span> <span class='ocrx_word' id='word_1_32' title='bbox 698 498 751 538; x_wconf 90' lang='lat' dir='ltr'>est</span> <span class='ocrx_word' id='word_1_33' title='bbox 765 510 924 537; x_wconf 81' lang='lat' dir='ltr'>veterem</span> <span class='ocrx_word' id='word_1_34' title='bbox 947 513 1089 549; x_wconf 70' lang='lat' dir='ltr'>nouam,</span> <span class='ocrx_word' id='word_1_35' title='bbox 1125 499 1323 539; x_wconf 84' lang='lat' dir='ltr'>Veteribus</span> <span class='ocrx_word' id='word_1_36' title='bbox 1339 498 1483 547; x_wconf 81' lang='lat' dir='ltr'>Latinis</span> <span class='ocrx_word' id='word_1_37' title='bbox 1502 500 1697 539; x_wconf 90' lang='lat' dir='ltr'>dicebatur</span> <span class='ocrx_word' id='word_1_38' title='bbox 1708 507 1795 540; x_wconf 83' lang='lat' dir='ltr'>lana</span> <span class='ocrx_word' id='word_1_39' title='bbox 1813 512 1919 541; x_wconf 84' lang='lat' dir='ltr'>vetus</span> <span class='ocrx_word' id='word_1_40' title='bbox 1932 503 2064 541; x_wconf 80' lang='lat' dir='ltr'>nouella</span> <span class='ocrx_word' id='word_1_41' title='bbox 2076 533 2085 541; x_wconf 92' lang='lat'>.</span> <span class='ocrx_word' id='word_1_42' title='bbox 2121 506 2249 548; x_wconf 87' lang='lat' dir='ltr'>Iudaeis</span> 
     </span>
     <span class='ocr_line' id='line_1_5' title="bbox 422 553 2248 611; baseline 0.003 -15"><span class='ocrx_word' id='word_1_43' title='bbox 422 559 559 597; x_wconf 86' lang='lat' dir='ltr'>dicitur</span> <span class='ocrx_word' id='word_1_44' title='bbox 573 556 665 608; x_wconf 54' lang='lat' dir='ltr'>72:2an</span> <span class='ocrx_word' id='word_1_45' title='bbox 681 565 754 610; x_wconf 52' lang='lat' dir='ltr'>paq.</span> <span class='ocrx_word' id='word_1_46' title='bbox 768 553 917 594; x_wconf 79' lang='lat' dir='ltr'>dubiam</span> <span class='ocrx_word' id='word_1_47' title='bbox 929 561 1036 594; x_wconf 78' lang='lat' dir='ltr'><em>Lunae</em></span> <span class='ocrx_word' id='word_1_48' title='bbox 1048 582 1059 599; x_wconf 83' lang='lat'><em>,</em></span> <span class='ocrx_word' id='word_1_49' title='bbox 1068 554 1178 608; x_wconf 83' lang='lat' dir='ltr'>filens</span> <span class='ocrx_word' id='word_1_50' title='bbox 1190 561 1305 594; x_wconf 82' lang='lat' dir='ltr'>Luna.</span> <span class='ocrx_word' id='word_1_51' title='bbox 1337 555 1500 611; x_wconf 84' lang='lat' dir='ltr'>Propter</span> <span class='ocrx_word' id='word_1_52' title='bbox 1508 556 1584 596; x_wconf 93' lang='lat' dir='ltr'>hoc</span> <span class='ocrx_word' id='word_1_53' title='bbox 1595 556 1755 596; x_wconf 88' lang='lat' dir='ltr'>dubium</span> <span class='ocrx_word' id='word_1_54' title='bbox 1768 557 1885 596; x_wconf 83' lang='lat' dir='ltr'>Lunae</span> <span class='ocrx_word' id='word_1_55' title='bbox 1892 556 2095 597; x_wconf 81' lang='lat' dir='ltr'>necessario</span> <span class='ocrx_word' id='word_1_56' title='bbox 2109 561 2248 602; x_wconf 88' lang='lat' dir='ltr'>menses</span> 
     </span>
     <span class='ocr_line' id='line_1_6' title="bbox 421 606 2248 669; baseline 0.001 -16"><span class='ocrx_word' id='word_1_57' title='bbox 421 613 505 654; x_wconf 88' lang='lat' dir='ltr'>sunt</span> <span class='ocrx_word' id='word_1_58' title='bbox 514 606 662 651; x_wconf 84' lang='lat' dir='ltr'>alternis</span> <span class='ocrx_word' id='word_1_59' title='bbox 669 612 773 665; x_wconf 90' lang='lat' dir='ltr'>pleni</span> <span class='ocrx_word' id='word_1_60' title='bbox 783 616 820 648; x_wconf 71' lang='grc' dir='ltr'>δε</span> <span class='ocrx_word' id='word_1_61' title='bbox 829 614 912 649; x_wconf 85' lang='lat' dir='ltr'>caui</span> <span class='ocrx_word' id='word_1_62' title='bbox 919 637 930 655; x_wconf 94' lang='lat'><em>,</em></span> <span class='ocrx_word' id='word_1_63' title='bbox 950 613 1138 650; x_wconf 87' lang='lat' dir='ltr'>tricenum</span> <span class='ocrx_word' id='word_1_64' title='bbox 1150 616 1188 649; x_wconf 73' lang='grc' dir='ltr'>δε</span> <span class='ocrx_word' id='word_1_65' title='bbox 1195 611 1488 651; x_wconf 87' lang='lat' dir='ltr'>undetricenum</span> <span class='ocrx_word' id='word_1_66' title='bbox 1496 611 1643 652; x_wconf 82' lang='lat' dir='ltr'>dierum</span> <span class='ocrx_word' id='word_1_67' title='bbox 1652 642 1660 651; x_wconf 93' lang='lat'><em>.</em></span> <span class='ocrx_word' id='word_1_68' title='bbox 1695 612 1844 652; x_wconf 84' lang='lat' dir='ltr'>Idcirco</span> <span class='ocrx_word' id='word_1_69' title='bbox 1852 617 1892 652; x_wconf 88' lang='lat' dir='ltr'>in</span> <span class='ocrx_word' id='word_1_70' title='bbox 1899 611 2077 668; x_wconf 86' lang='lat' dir='ltr'>dispositu</span> <span class='ocrx_word' id='word_1_71' title='bbox 2091 614 2248 669; x_wconf 58' lang='lat' dir='ltr'>Epaih-</span> 
     </span>
     <span class='ocr_line' id='line_1_7' title="bbox 420 665 2250 723; baseline 0 -14"><span class='ocrx_word' id='word_1_72' title='bbox 420 682 505 709; x_wconf 87' lang='lat' dir='ltr'>rum</span> <span class='ocrx_word' id='word_1_73' title='bbox 515 695 526 713; x_wconf 85' lang='lat'>,</span> <span class='ocrx_word' id='word_1_74' title='bbox 551 666 744 713; x_wconf 77' lang='lat' dir='ltr'>interualla</span> <span class='ocrx_word' id='word_1_75' title='bbox 756 666 803 705; x_wconf 89' lang='lat' dir='ltr'>ab</span> <span class='ocrx_word' id='word_1_76' title='bbox 813 667 952 721; x_wconf 67' lang='lat' dir='ltr'>Epa&amp;a</span> <span class='ocrx_word' id='word_1_77' title='bbox 963 693 974 710; x_wconf 86' lang='lat'>‚</span> <span class='ocrx_word' id='word_1_78' title='bbox 994 666 1042 705; x_wconf 84' lang='lat' dir='ltr'>ad</span> <span class='ocrx_word' id='word_1_79' title='bbox 1054 665 1211 705; x_wconf 84' lang='lat' dir='ltr'>similem</span> <span class='ocrx_word' id='word_1_80' title='bbox 1219 667 1400 721; x_wconf 72' lang='lat' dir='ltr'>Epaetam</span> <span class='ocrx_word' id='word_1_81' title='bbox 1408 694 1421 711; x_wconf 89' lang='lat'>‚</span> <span class='ocrx_word' id='word_1_82' title='bbox 1437 667 1580 708; x_wconf 90' lang='lat' dir='ltr'>debent</span> <span class='ocrx_word' id='word_1_83' title='bbox 1591 667 1661 708; x_wconf 74' lang='lat' dir='ltr'>esle</span> <span class='ocrx_word' id='word_1_84' title='bbox 1669 668 1818 708; x_wconf 84' lang='lat' dir='ltr'>alternis</span> <span class='ocrx_word' id='word_1_85' title='bbox 1831 669 1943 723; x_wconf 83' lang='lat' dir='ltr'>plena</span> <span class='ocrx_word' id='word_1_86' title='bbox 1957 675 1995 708; x_wconf 87' lang='lat'>&amp;</span> <span class='ocrx_word' id='word_1_87' title='bbox 2003 683 2113 708; x_wconf 83' lang='lat' dir='ltr'>caua:</span> <span class='ocrx_word' id='word_1_88' title='bbox 2132 676 2169 709; x_wconf 71' lang='grc' dir='ltr'>δε</span> <span class='ocrx_word' id='word_1_89' title='bbox 2180 675 2250 710; x_wconf 90' lang='lat' dir='ltr'>im-</span> 
     </span>
     <span class='ocr_line' id='line_1_8' title="bbox 418 720 2250 779; baseline 0.002 -17"><span class='ocrx_word' id='word_1_90' title='bbox 418 728 549 779; x_wconf 86' lang='lat' dir='ltr'>primis</span> <span class='ocrx_word' id='word_1_91' title='bbox 560 735 603 762; x_wconf 93' lang='lat' dir='ltr'>ut</span> <span class='ocrx_word' id='word_1_92' title='bbox 611 725 754 778; x_wconf 88' lang='lat' dir='ltr'>primus</span> <span class='ocrx_word' id='word_1_93' title='bbox 762 721 897 762; x_wconf 88' lang='lat' dir='ltr'>mensis</span> <span class='ocrx_word' id='word_1_94' title='bbox 912 720 956 760; x_wconf 86' lang='lat' dir='ltr'>sit</span> <span class='ocrx_word' id='word_1_95' title='bbox 964 720 1109 776; x_wconf 88' lang='lat' dir='ltr'>semper</span> <span class='ocrx_word' id='word_1_96' title='bbox 1118 722 1251 776; x_wconf 91' lang='lat' dir='ltr'>plenus</span> <span class='ocrx_word' id='word_1_97' title='bbox 1262 740 1271 768; x_wconf 82' lang='lat'>3</span> <span class='ocrx_word' id='word_1_98' title='bbox 1292 734 1335 761; x_wconf 87' lang='lat' dir='ltr'>ut</span> <span class='ocrx_word' id='word_1_99' title='bbox 1348 722 1560 763; x_wconf 78' lang='lat' dir='ltr'>Obseruauit</span> <span class='ocrx_word' id='word_1_100' title='bbox 1581 727 1795 778; x_wconf 68' lang='lat' dir='ltr'>antiquitas.</span> <span class='ocrx_word' id='word_1_101' title='bbox 1815 724 1924 778; x_wconf 91' lang='lat' dir='ltr'>quod</span> <span class='ocrx_word' id='word_1_102' title='bbox 1934 730 1972 764; x_wconf 86' lang='lat'>&amp;</span> <span class='ocrx_word' id='word_1_103' title='bbox 1985 725 2111 765; x_wconf 86' lang='lat' dir='ltr'>adhuc</span> <span class='ocrx_word' id='word_1_104' title='bbox 2123 725 2250 766; x_wconf 89' lang='lat' dir='ltr'>videre</span> 
     </span>
     <span class='ocr_line' id='line_1_9' title="bbox 419 777 2250 836; baseline 0.001 -16"><span class='ocrx_word' id='word_1_105' title='bbox 419 780 474 820; x_wconf 87' lang='lat' dir='ltr'>est</span> <span class='ocrx_word' id='word_1_106' title='bbox 488 778 591 835; x_wconf 87' lang='lat' dir='ltr'>apud</span> <span class='ocrx_word' id='word_1_107' title='bbox 599 778 753 819; x_wconf 86' lang='lat' dir='ltr'>Iudaeos,</span> <span class='ocrx_word' id='word_1_108' title='bbox 767 777 924 822; x_wconf 81' lang='lat' dir='ltr'>Arabes,</span> <span class='ocrx_word' id='word_1_109' title='bbox 938 778 1147 819; x_wconf 87' lang='lat' dir='ltr'>Samaritas‚</span> <span class='ocrx_word' id='word_1_110' title='bbox 1159 777 1285 821; x_wconf 88' lang='lat' dir='ltr'>Indos,</span> <span class='ocrx_word' id='word_1_111' title='bbox 1296 783 1334 817; x_wconf 68' lang='grc' dir='ltr'>δε</span> <span class='ocrx_word' id='word_1_112' title='bbox 1347 779 1449 822; x_wconf 78' lang='lat' dir='ltr'>alios,</span> <span class='ocrx_word' id='word_1_113' title='bbox 1464 779 1566 834; x_wconf 83' lang='lat' dir='ltr'>apud</span> <span class='ocrx_word' id='word_1_114' title='bbox 1580 794 1674 833; x_wconf 90' lang='lat' dir='ltr'>quos</span> <span class='ocrx_word' id='word_1_115' title='bbox 1691 778 1838 835; x_wconf 86' lang='lat' dir='ltr'>semper</span> <span class='ocrx_word' id='word_1_116' title='bbox 1851 780 1993 820; x_wconf 90' lang='lat' dir='ltr'>menses</span> <span class='ocrx_word' id='word_1_117' title='bbox 2009 786 2160 836; x_wconf 84' lang='lat' dir='ltr'>imparis</span> <span class='ocrx_word' id='word_1_118' title='bbox 2180 796 2250 821; x_wconf 80' lang='lat' dir='ltr'>nu-</span> 
     </span>
     <span class='ocr_line' id='line_1_10' title="bbox 419 833 2247 890; baseline 0.002 -16"><span class='ocrx_word' id='word_1_119' title='bbox 419 839 515 876; x_wconf 90' lang='lat' dir='ltr'>meri</span> <span class='ocrx_word' id='word_1_120' title='bbox 532 833 617 874; x_wconf 87' lang='lat' dir='ltr'>sunt</span> <span class='ocrx_word' id='word_1_121' title='bbox 631 835 752 890; x_wconf 85' lang='lat' dir='ltr'>pleni,</span> <span class='ocrx_word' id='word_1_122' title='bbox 767 837 807 878; x_wconf 80' lang='grc' dir='ltr'>ῑ,</span> <span class='ocrx_word' id='word_1_123' title='bbox 825 840 896 877; x_wconf 77' lang='grc' dir='ltr'>ΠΥ,</span> <span class='ocrx_word' id='word_1_124' title='bbox 916 836 951 876; x_wconf 62' lang='lat' dir='ltr'>V,</span> <span class='ocrx_word' id='word_1_125' title='bbox 970 837 1031 869; x_wconf 70' lang='lat' dir='ltr'>‘v‘1‘1</span> <span class='ocrx_word' id='word_1_126' title='bbox 1043 862 1051 871; x_wconf 88' lang='lat'><strong>.</strong></span> <span class='ocrx_word' id='word_1_127' title='bbox 1083 834 1184 872; x_wconf 87' lang='lat' dir='ltr'>Paris</span> <span class='ocrx_word' id='word_1_128' title='bbox 1205 838 1356 873; x_wconf 88' lang='lat' dir='ltr'>numeri</span> <span class='ocrx_word' id='word_1_129' title='bbox 1367 833 1452 874; x_wconf 88' lang='lat' dir='ltr'>sunt</span> <span class='ocrx_word' id='word_1_130' title='bbox 1470 839 1572 880; x_wconf 84' lang='lat' dir='ltr'>caui,</span> <span class='ocrx_word' id='word_1_131' title='bbox 1587 843 1638 878; x_wconf 82' lang='grc' dir='ltr'>ῖι,</span> <span class='ocrx_word' id='word_1_132' title='bbox 1654 842 1741 876; x_wconf 73' lang='grc' dir='ltr'>Πῖῖ,</span> <span class='ocrx_word' id='word_1_133' title='bbox 1765 840 1817 874; x_wconf 58' lang='grc' dir='ltr'>ἦ.</span> <span class='ocrx_word' id='word_1_134' title='bbox 1849 836 1903 875; x_wconf 89' lang='lat' dir='ltr'>Ita</span> <span class='ocrx_word' id='word_1_135' title='bbox 1918 840 2020 876; x_wconf 89' lang='lat' dir='ltr'>enim</span> <span class='ocrx_word' id='word_1_136' title='bbox 2038 838 2247 877; x_wconf 83' lang='lat' dir='ltr'>rationibus</span> 
     </span>
     <span class='ocr_line' id='line_1_11' title="bbox 420 887 2246 946; baseline 0.001 -15"><span class='ocrx_word' id='word_1_137' title='bbox 420 893 537 932; x_wconf 86' lang='lat' dir='ltr'>Lunae</span> <span class='ocrx_word' id='word_1_138' title='bbox 547 891 678 930; x_wconf 88' lang='lat' dir='ltr'>melius</span> <span class='ocrx_word' id='word_1_139' title='bbox 687 887 892 930; x_wconf 86' lang='lat' dir='ltr'>consulitur</span> <span class='ocrx_word' id='word_1_140' title='bbox 900 917 909 932; x_wconf 86' lang='lat'>,</span> <span class='ocrx_word' id='word_1_141' title='bbox 930 903 1046 943; x_wconf 88' lang='lat' dir='ltr'>quam</span> <span class='ocrx_word' id='word_1_142' title='bbox 1058 888 1084 928; x_wconf 89' lang='lat' dir='ltr'>si</span> <span class='ocrx_word' id='word_1_143' title='bbox 1093 894 1284 930; x_wconf 89' lang='lat' dir='ltr'>contrario</span> <span class='ocrx_word' id='word_1_144' title='bbox 1300 888 1423 930; x_wconf 87' lang='lat' dir='ltr'>modo</span> <span class='ocrx_word' id='word_1_145' title='bbox 1433 889 1556 930; x_wconf 87' lang='lat' dir='ltr'>fieret:</span> <span class='ocrx_word' id='word_1_146' title='bbox 1579 897 1617 931; x_wconf 59' lang='grc' dir='ltr'>ὃ(</span> <span class='ocrx_word' id='word_1_147' title='bbox 1627 903 1803 946; x_wconf 77' lang='lat' dir='ltr'>practerea</span> <span class='ocrx_word' id='word_1_148' title='bbox 1817 905 1966 945; x_wconf 69' lang='lat' dir='ltr'>aequum</span> <span class='ocrx_word' id='word_1_149' title='bbox 1975 891 2039 936; x_wconf 90' lang='lat' dir='ltr'>est,</span> <span class='ocrx_word' id='word_1_150' title='bbox 2053 905 2097 931; x_wconf 90' lang='lat' dir='ltr'>ut</span> <span class='ocrx_word' id='word_1_151' title='bbox 2133 897 2246 933; x_wconf 85' lang='lat' dir='ltr'>rimus</span> 
     </span>
     <span class='ocr_line' id='line_1_12' title="bbox 419 944 2251 1002; baseline 0.001 -15"><span class='ocrx_word' id='word_1_152' title='bbox 419 946 556 987; x_wconf 84' lang='lat' dir='ltr'>mensis</span> <span class='ocrx_word' id='word_1_153' title='bbox 569 946 711 986; x_wconf 88' lang='lat' dir='ltr'>delibet</span> <span class='ocrx_word' id='word_1_154' title='bbox 721 948 848 1001; x_wconf 90' lang='lat' dir='ltr'>potius</span> <span class='ocrx_word' id='word_1_155' title='bbox 859 945 1004 999; x_wconf 86' lang='lat' dir='ltr'>aliquot</span> <span class='ocrx_word' id='word_1_156' title='bbox 1012 945 1123 984; x_wconf 88' lang='lat' dir='ltr'>horas</span> <span class='ocrx_word' id='word_1_157' title='bbox 1132 946 1180 984; x_wconf 89' lang='lat' dir='ltr'>de</span> <span class='ocrx_word' id='word_1_158' title='bbox 1188 944 1377 1000; x_wconf 90' lang='lat' dir='ltr'>sequenti,</span> <span class='ocrx_word' id='word_1_159' title='bbox 1392 960 1508 1001; x_wconf 84' lang='lat' dir='ltr'>quam</span> <span class='ocrx_word' id='word_1_160' title='bbox 1521 959 1563 986; x_wconf 90' lang='lat' dir='ltr'>ut</span> <span class='ocrx_word' id='word_1_161' title='bbox 1574 945 1811 1002; x_wconf 66' lang='lat' dir='ltr'>imperfestus</span> <span class='ocrx_word' id='word_1_162' title='bbox 1822 960 1979 987; x_wconf 83' lang='lat' dir='ltr'>manens</span> <span class='ocrx_word' id='word_1_163' title='bbox 1990 947 2076 987; x_wconf 86' lang='lat' dir='ltr'>semi</span> <span class='ocrx_word' id='word_1_164' title='bbox 2107 962 2168 987; x_wconf 87' lang='lat' dir='ltr'>em</span> <span class='ocrx_word' id='word_1_165' title='bbox 2176 949 2251 988; x_wconf 83' lang='lat' dir='ltr'>diei</span> 
     </span>
     <span class='ocr_line' id='line_1_13' title="bbox 418 1001 2250 1058; baseline 0 -15"><span class='ocrx_word' id='word_1_166' title='bbox 418 1002 588 1058; x_wconf 82' lang='lat' dir='ltr'>sequenti</span> <span class='ocrx_word' id='word_1_167' title='bbox 600 1002 803 1056; x_wconf 85' lang='lat' dir='ltr'>relinquat.</span> <span class='ocrx_word' id='word_1_168' title='bbox 836 1001 1043 1056; x_wconf 86' lang='lat' dir='ltr'>Propterea</span> <span class='ocrx_word' id='word_1_169' title='bbox 1057 1001 1147 1042; x_wconf 88' lang='lat' dir='ltr'>huic</span> <span class='ocrx_word' id='word_1_170' title='bbox 1164 1005 1217 1041; x_wconf 89' lang='lat' dir='ltr'>rei</span> <span class='ocrx_word' id='word_1_171' title='bbox 1242 1003 1340 1042; x_wconf 89' lang='lat' dir='ltr'>bene</span> <span class='ocrx_word' id='word_1_172' title='bbox 1356 1002 1570 1042; x_wconf 88' lang='lat' dir='ltr'>consultum</span> <span class='ocrx_word' id='word_1_173' title='bbox 1583 1002 1654 1045; x_wconf 81' lang='lat' dir='ltr'>est,</span> <span class='ocrx_word' id='word_1_174' title='bbox 1671 1001 1836 1056; x_wconf 83' lang='lat' dir='ltr'>quod&#39;ab</span> <span class='ocrx_word' id='word_1_175' title='bbox 1849 1003 2007 1058; x_wconf 61' lang='lat' dir='ltr'>EpaCta,</span> <span class='ocrx_word' id='word_1_176' title='bbox 2029 1003 2078 1043; x_wconf 88' lang='lat' dir='ltr'>ad</span> <span class='ocrx_word' id='word_1_177' title='bbox 2093 1003 2250 1044; x_wconf 83' lang='lat' dir='ltr'>similem</span> 
     </span>
     <span class='ocr_line' id='line_1_14' title="bbox 418 1056 2250 1115; baseline 0.001 -16"><span class='ocrx_word' id='word_1_178' title='bbox 418 1059 600 1115; x_wconf 72' lang='lat' dir='ltr'>Epa&#39;Ctam</span> <span class='ocrx_word' id='word_1_179' title='bbox 607 1085 618 1103; x_wconf 87' lang='lat'>,</span> <span class='ocrx_word' id='word_1_180' title='bbox 636 1057 832 1097; x_wconf 83' lang='lat' dir='ltr'>interualla</span> <span class='ocrx_word' id='word_1_181' title='bbox 843 1060 895 1095; x_wconf 82' lang='lat' dir='ltr'>ita</span> <span class='ocrx_word' id='word_1_182' title='bbox 907 1057 978 1096; x_wconf 80' lang='lat' dir='ltr'>esse</span> <span class='ocrx_word' id='word_1_183' title='bbox 989 1057 1144 1101; x_wconf 80' lang='lat' dir='ltr'>debent,</span> <span class='ocrx_word' id='word_1_184' title='bbox 1154 1069 1196 1097; x_wconf 90' lang='lat' dir='ltr'>ut</span> <span class='ocrx_word' id='word_1_185' title='bbox 1206 1056 1369 1098; x_wconf 84' lang='lat' dir='ltr'>menses:</span> <span class='ocrx_word' id='word_1_186' title='bbox 1390 1058 1468 1099; x_wconf 88' lang='lat' dir='ltr'>hoc</span> <span class='ocrx_word' id='word_1_187' title='bbox 1481 1058 1552 1100; x_wconf 82' lang='lat' dir='ltr'>est,</span> <span class='ocrx_word' id='word_1_188' title='bbox 1569 1071 1612 1097; x_wconf 88' lang='lat' dir='ltr'>ut</span> <span class='ocrx_word' id='word_1_189' title='bbox 1624 1057 1863 1097; x_wconf 73' lang='lat' dir='ltr'>inteiuallum</span> <span class='ocrx_word' id='word_1_190' title='bbox 1881 1063 1989 1098; x_wconf 88' lang='lat' dir='ltr'>unius</span> <span class='ocrx_word' id='word_1_191' title='bbox 2000 1059 2135 1098; x_wconf 80' lang='lat' dir='ltr'>mensis</span> <span class='ocrx_word' id='word_1_192' title='bbox 2145 1059 2189 1099; x_wconf 86' lang='lat' dir='ltr'>sit</span> <span class='ocrx_word' id='word_1_193' title='bbox 2202 1061 2250 1100; x_wconf 88' lang='lat' dir='ltr'>ab</span> 
     </span>
     <span class='ocr_line' id='line_1_15' title="bbox 418 1113 2249 1171; baseline 0.001 -16"><span class='ocrx_word' id='word_1_194' title='bbox 418 1115 559 1171; x_wconf 59' lang='lat' dir='ltr'>Eparita</span> <span class='ocrx_word' id='word_1_195' title='bbox 572 1121 621 1157; x_wconf 78' lang='grc'>*,</span> <span class='ocrx_word' id='word_1_196' title='bbox 640 1113 690 1154; x_wconf 83' lang='lat' dir='ltr'>ad</span> <span class='ocrx_word' id='word_1_197' title='bbox 702 1115 872 1168; x_wconf 58' lang='lat' dir='ltr'>epactam</span> <span class='ocrx_word' id='word_1_198' title='bbox 887 1118 974 1157; x_wconf 69' lang='grc' dir='ltr'>ῖῑᾱῖε,</span> <span class='ocrx_word' id='word_1_199' title='bbox 990 1119 1028 1152; x_wconf 84' lang='lat'>&amp;</span> <span class='ocrx_word' id='word_1_200' title='bbox 1039 1127 1061 1152; x_wconf 92' lang='lat' dir='ltr'>a</span> <span class='ocrx_word' id='word_1_201' title='bbox 1079 1117 1169 1158; x_wconf 67' lang='grc' dir='ltr'>ῐῖῑῗε,</span> <span class='ocrx_word' id='word_1_202' title='bbox 1186 1113 1235 1153; x_wconf 92' lang='lat' dir='ltr'>ad</span> <span class='ocrx_word' id='word_1_203' title='bbox 1251 1121 1302 1155; x_wconf 78' lang='lat'>*.</span> <span class='ocrx_word' id='word_1_204' title='bbox 1338 1114 1413 1154; x_wconf 85' lang='lat' dir='ltr'>Sed</span> <span class='ocrx_word' id='word_1_205' title='bbox 1426 1115 1662 1155; x_wconf 82' lang='lat' dir='ltr'>interuallum</span> <span class='ocrx_word' id='word_1_206' title='bbox 1678 1128 1699 1153; x_wconf 85' lang='lat' dir='ltr'>a</span> <span class='ocrx_word' id='word_1_207' title='bbox 1718 1126 1767 1161; x_wconf 58' lang='grc' dir='ltr'>ἡκ,</span> <span class='ocrx_word' id='word_1_208' title='bbox 1786 1113 1835 1158; x_wconf 79' lang='lat' dir='ltr'>ad</span> <span class='ocrx_word' id='word_1_209' title='bbox 1852 1120 1941 1156; x_wconf 57' lang='lat'>5:313,</span> <span class='ocrx_word' id='word_1_210' title='bbox 1959 1114 2012 1154; x_wconf 86' lang='lat' dir='ltr'>est</span> <span class='ocrx_word' id='word_1_211' title='bbox 2029 1129 2249 1160; x_wconf 77' lang='lat' dir='ltr'>cauum‚un·</span> 
     </span>
     <span class='ocr_line' id='line_1_16' title="bbox 420 1168 2252 1227; baseline 0.001 -16"><span class='ocrx_word' id='word_1_212' title='bbox 420 1171 624 1226; x_wconf 86' lang='lat' dir='ltr'>detriginta</span> <span class='ocrx_word' id='word_1_213' title='bbox 633 1169 799 1209; x_wconf 87' lang='lat' dir='ltr'>dierum:</span> <span class='ocrx_word' id='word_1_214' title='bbox 821 1169 1061 1208; x_wconf 85' lang='lat' dir='ltr'>interuallum</span> <span class='ocrx_word' id='word_1_215' title='bbox 1078 1181 1207 1209; x_wconf 88' lang='lat' dir='ltr'>autern</span> <span class='ocrx_word' id='word_1_216' title='bbox 1221 1184 1243 1209; x_wconf 91' lang='lat' dir='ltr'>a</span> <span class='ocrx_word' id='word_1_217' title='bbox 1258 1175 1348 1215; x_wconf 55' lang='lat'>353,</span> <span class='ocrx_word' id='word_1_218' title='bbox 1370 1168 1419 1211; x_wconf 89' lang='lat' dir='ltr'>ad</span> <span class='ocrx_word' id='word_1_219' title='bbox 1442 1182 1475 1217; x_wconf 61' lang='grc' dir='ltr'>,κ</span> <span class='ocrx_word' id='word_1_220' title='bbox 1487 1197 1498 1212; x_wconf 83' lang='grc'><strong><em>,</em></strong></span> <span class='ocrx_word' id='word_1_221' title='bbox 1515 1170 1569 1209; x_wconf 88' lang='lat' dir='ltr'>est</span> <span class='ocrx_word' id='word_1_222' title='bbox 1584 1170 1760 1225; x_wconf 88' lang='lat' dir='ltr'>plenum,</span> <span class='ocrx_word' id='word_1_223' title='bbox 1778 1173 1930 1224; x_wconf 87' lang='lat' dir='ltr'>triginta</span> <span class='ocrx_word' id='word_1_224' title='bbox 1948 1170 2112 1211; x_wconf 85' lang='lat' dir='ltr'>dierum.</span> <span class='ocrx_word' id='word_1_225' title='bbox 2141 1173 2252 1227; x_wconf 83' lang='lat' dir='ltr'>Qia</span> 
     </span>
     <span class='ocr_line' id='line_1_17' title="bbox 419 1224 2251 1282; baseline 0.001 -16"><span class='ocrx_word' id='word_1_226' title='bbox 419 1231 532 1282; x_wconf 89' lang='lat' dir='ltr'>igitur</span> <span class='ocrx_word' id='word_1_227' title='bbox 547 1224 754 1267; x_wconf 86' lang='lat' dir='ltr'>secundum</span> <span class='ocrx_word' id='word_1_228' title='bbox 767 1224 997 1281; x_wconf 82' lang='lat' dir='ltr'>hypothesin</span> <span class='ocrx_word' id='word_1_229' title='bbox 1006 1254 1015 1268; x_wconf 91' lang='lat'><em>,</em></span> <span class='ocrx_word' id='word_1_230' title='bbox 1030 1238 1149 1279; x_wconf 82' lang='lat' dir='ltr'>atque</span> <span class='ocrx_word' id='word_1_231' title='bbox 1161 1225 1258 1266; x_wconf 87' lang='lat' dir='ltr'>adeo</span> <span class='ocrx_word' id='word_1_232' title='bbox 1274 1229 1437 1267; x_wconf 85' lang='lat' dir='ltr'>rationes</span> <span class='ocrx_word' id='word_1_233' title='bbox 1450 1239 1578 1266; x_wconf 88' lang='lat' dir='ltr'>motus</span> <span class='ocrx_word' id='word_1_234' title='bbox 1591 1226 1708 1266; x_wconf 81' lang='lat' dir='ltr'>Lunae</span> <span class='ocrx_word' id='word_1_235' title='bbox 1719 1252 1729 1267; x_wconf 81' lang='lat'>‚</span> <span class='ocrx_word' id='word_1_236' title='bbox 1751 1231 1789 1265; x_wconf 88' lang='lat'>&amp;</span> <span class='ocrx_word' id='word_1_237' title='bbox 1799 1225 1963 1280; x_wconf 89' lang='lat' dir='ltr'>denique</span> <span class='ocrx_word' id='word_1_238' title='bbox 1979 1239 2147 1266; x_wconf 82' lang='lat' dir='ltr'>veterem</span> <span class='ocrx_word' id='word_1_239' title='bbox 2160 1232 2251 1268; x_wconf 88' lang='lat' dir='ltr'>ciui-</span> 
     </span>
     <span class='ocr_line' id='line_1_18' title="bbox 411 1280 2252 1338; baseline -0.001 -14"><span class='ocrx_word' id='word_1_240' title='bbox 411 1284 512 1324; x_wconf 44' lang='lat' dir='ltr'>*lium</span> <span class='ocrx_word' id='word_1_241' title='bbox 519 1295 740 1337; x_wconf 88' lang='lat' dir='ltr'>temporum</span> <span class='ocrx_word' id='word_1_242' title='bbox 750 1280 869 1326; x_wconf 87' lang='lat' dir='ltr'>usum,</span> <span class='ocrx_word' id='word_1_243' title='bbox 883 1284 1025 1336; x_wconf 87' lang='lat' dir='ltr'>primus</span> <span class='ocrx_word' id='word_1_244' title='bbox 1033 1281 1169 1321; x_wconf 83' lang='lat' dir='ltr'>menfis</span> <span class='ocrx_word' id='word_1_245' title='bbox 1178 1282 1311 1337; x_wconf 85' lang='lat' dir='ltr'>plenus</span> <span class='ocrx_word' id='word_1_246' title='bbox 1321 1280 1393 1322; x_wconf 82' lang='lat' dir='ltr'>esse</span> <span class='ocrx_word' id='word_1_247' title='bbox 1400 1281 1528 1327; x_wconf 87' lang='lat' dir='ltr'>debet,</span> <span class='ocrx_word' id='word_1_248' title='bbox 1535 1295 1628 1336; x_wconf 88' lang='lat' dir='ltr'>ergo</span> <span class='ocrx_word' id='word_1_249' title='bbox 1636 1287 1674 1321; x_wconf 85' lang='lat'>&amp;</span> <span class='ocrx_word' id='word_1_250' title='bbox 1685 1282 1734 1321; x_wconf 88' lang='lat' dir='ltr'>ab</span> <span class='ocrx_word' id='word_1_251' title='bbox 1744 1282 1873 1337; x_wconf 62' lang='lat' dir='ltr'>epaQa</span> <span class='ocrx_word' id='word_1_252' title='bbox 1891 1287 1963 1318; x_wconf 56' lang='grc' dir='ltr'>ἰῆς</span> <span class='ocrx_word' id='word_1_253' title='bbox 1982 1286 2158 1338; x_wconf 83' lang='lat' dir='ltr'>incipere,</span> <span class='ocrx_word' id='word_1_254' title='bbox 2169 1297 2252 1324; x_wconf 85' lang='lat' dir='ltr'>non</span> 
     </span>
     <span class='ocr_line' id='line_1_19' title="bbox 418 1336 2248 1393; baseline -0.002 -14"><span class='ocrx_word' id='word_1_255' title='bbox 418 1354 442 1379; x_wconf 86' lang='lat' dir='ltr'>a</span> <span class='ocrx_word' id='word_1_256' title='bbox 453 1347 486 1382; x_wconf 65' lang='lat' dir='ltr'>ak</span> <span class='ocrx_word' id='word_1_257' title='bbox 497 1370 505 1378; x_wconf 91' lang='lat'>.</span> <span class='ocrx_word' id='word_1_258' title='bbox 537 1338 744 1393; x_wconf 87' lang='lat' dir='ltr'>Propterea</span> <span class='ocrx_word' id='word_1_259' title='bbox 754 1341 875 1392; x_wconf 85' lang='lat' dir='ltr'>prima</span> <span class='ocrx_word' id='word_1_260' title='bbox 891 1338 1020 1392; x_wconf 67' lang='lat' dir='ltr'>epaEta</span> <span class='ocrx_word' id='word_1_261' title='bbox 1032 1338 1161 1388; x_wconf 84' lang='lat' dir='ltr'>Martij</span> <span class='ocrx_word' id='word_1_262' title='bbox 1177 1337 1257 1378; x_wconf 89' lang='lat' dir='ltr'>esto</span> <span class='ocrx_word' id='word_1_263' title='bbox 1275 1341 1369 1383; x_wconf 60' lang='grc' dir='ltr'>Σῖῡῖ,</span> <span class='ocrx_word' id='word_1_264' title='bbox 1387 1341 1470 1379; x_wconf 87' lang='lat' dir='ltr'>non</span> <span class='ocrx_word' id='word_1_265' title='bbox 1487 1343 1518 1378; x_wconf 80' lang='grc'>*</span> <span class='ocrx_word' id='word_1_266' title='bbox 1530 1367 1539 1376; x_wconf 89' lang='grc'><strong><em>.</em></strong></span> <span class='ocrx_word' id='word_1_267' title='bbox 1579 1339 1712 1392; x_wconf 88' lang='lat' dir='ltr'>ltaque</span> <span class='ocrx_word' id='word_1_268' title='bbox 1724 1336 2054 1391; x_wconf 85' lang='lat' dir='ltr'>quemadmodum</span> <span class='ocrx_word' id='word_1_269' title='bbox 2068 1340 2248 1379; x_wconf 86' lang='lat' dir='ltr'>Analem..</span> 
     </span>
     <span class='ocr_line' id='line_1_20' title="bbox 417 1392 2247 1449; baseline 0.001 -15"><span class='ocrx_word' id='word_1_270' title='bbox 417 1406 492 1436; x_wconf 84' lang='lat' dir='ltr'>ina,</span> <span class='ocrx_word' id='word_1_271' title='bbox 505 1400 542 1434; x_wconf 88' lang='lat'>&amp;</span> <span class='ocrx_word' id='word_1_272' title='bbox 555 1394 816 1448; x_wconf 87' lang='lat' dir='ltr'>Horologium</span> <span class='ocrx_word' id='word_1_273' title='bbox 828 1397 1019 1433; x_wconf 88' lang='lat' dir='ltr'>contrario</span> <span class='ocrx_word' id='word_1_274' title='bbox 1035 1393 1212 1447; x_wconf 80' lang='lat' dir='ltr'>dispositu</span> <span class='ocrx_word' id='word_1_275' title='bbox 1224 1397 1323 1433; x_wconf 88' lang='lat' dir='ltr'>inter</span> <span class='ocrx_word' id='word_1_276' title='bbox 1334 1392 1370 1433; x_wconf 83' lang='lat' dir='ltr'>se</span> <span class='ocrx_word' id='word_1_277' title='bbox 1382 1393 1482 1434; x_wconf 75' lang='lat' dir='ltr'>sunt.</span> <span class='ocrx_word' id='word_1_278' title='bbox 1505 1399 1542 1432; x_wconf 66' lang='grc' dir='ltr'>ὅ(</span> <span class='ocrx_word' id='word_1_279' title='bbox 1551 1393 1683 1434; x_wconf 82' lang='lat' dir='ltr'>formae</span> <span class='ocrx_word' id='word_1_280' title='bbox 1699 1393 2004 1448; x_wconf 85' lang='lat' dir='ltr'>Typographicae</span> <span class='ocrx_word' id='word_1_281' title='bbox 2017 1395 2247 1449; x_wconf 89' lang='lat' dir='ltr'>praepostero</span> 
     </span>
     <span class='ocr_line' id='line_1_21' title="bbox 417 1447 2246 1504; baseline -0.001 -13"><span class='ocrx_word' id='word_1_282' title='bbox 417 1450 554 1491; x_wconf 88' lang='lat' dir='ltr'>ordine</span> <span class='ocrx_word' id='word_1_283' title='bbox 563 1455 600 1489; x_wconf 73' lang='grc' dir='ltr'>δε</span> <span class='ocrx_word' id='word_1_284' title='bbox 607 1450 722 1492; x_wconf 84' lang='lat' dir='ltr'>aliter,</span> <span class='ocrx_word' id='word_1_285' title='bbox 732 1463 776 1488; x_wconf 86' lang='lat' dir='ltr'>ac</span> <span class='ocrx_word' id='word_1_286' title='bbox 785 1449 925 1488; x_wconf 83' lang='lat' dir='ltr'>chartae</span> <span class='ocrx_word' id='word_1_287' title='bbox 937 1447 1089 1493; x_wconf 80' lang='lat' dir='ltr'>excusae‚</span> <span class='ocrx_word' id='word_1_288' title='bbox 1097 1448 1246 1504; x_wconf 78' lang='lat' dir='ltr'>digestae</span> <span class='ocrx_word' id='word_1_289' title='bbox 1256 1447 1349 1491; x_wconf 87' lang='lat' dir='ltr'>sunt,</span> <span class='ocrx_word' id='word_1_290' title='bbox 1364 1461 1407 1488; x_wconf 91' lang='lat' dir='ltr'>ut</span> <span class='ocrx_word' id='word_1_291' title='bbox 1416 1462 1498 1503; x_wconf 81' lang='lat' dir='ltr'>quae</span> <span class='ocrx_word' id='word_1_292' title='bbox 1508 1448 1560 1486; x_wconf 91' lang='lat' dir='ltr'>ibi</span> <span class='ocrx_word' id='word_1_293' title='bbox 1567 1448 1651 1487; x_wconf 88' lang='lat' dir='ltr'>sunt</span> <span class='ocrx_word' id='word_1_294' title='bbox 1661 1447 1817 1492; x_wconf 86' lang='lat' dir='ltr'>sinistra,</span> <span class='ocrx_word' id='word_1_295' title='bbox 1835 1452 1874 1486; x_wconf 90' lang='lat' dir='ltr'>in</span> <span class='ocrx_word' id='word_1_296' title='bbox 1883 1449 2013 1488; x_wconf 89' lang='lat' dir='ltr'>charta</span> <span class='ocrx_word' id='word_1_297' title='bbox 2025 1450 2098 1489; x_wconf 85' lang='lat' dir='ltr'>sint</span> <span class='ocrx_word' id='word_1_298' title='bbox 2106 1451 2246 1494; x_wconf 87' lang='lat' dir='ltr'>dextra.</span> 
     </span>
     <span class='ocr_line' id='line_1_22' title="bbox 419 1503 2249 1559; baseline 0 -13"><span class='ocrx_word' id='word_1_299' title='bbox 419 1513 459 1546; x_wconf 86' lang='lat'>&amp;</span> <span class='ocrx_word' id='word_1_300' title='bbox 478 1517 636 1546; x_wconf 86' lang='lat' dir='ltr'>contra:</span> <span class='ocrx_word' id='word_1_301' title='bbox 663 1508 713 1544; x_wconf 89' lang='lat' dir='ltr'>ita</span> <span class='ocrx_word' id='word_1_302' title='bbox 726 1517 930 1544; x_wconf 84' lang='lat' dir='ltr'>contextus</span> <span class='ocrx_word' id='word_1_303' title='bbox 948 1506 1164 1559; x_wconf 60' lang='lat' dir='ltr'>epafitarum</span> <span class='ocrx_word' id='word_1_304' title='bbox 1179 1508 1218 1543; x_wconf 91' lang='lat' dir='ltr'>in</span> <span class='ocrx_word' id='word_1_305' title='bbox 1237 1503 1464 1544; x_wconf 85' lang='lat' dir='ltr'>Kalendario</span> <span class='ocrx_word' id='word_1_306' title='bbox 1485 1507 1694 1544; x_wconf 77' lang='lat' dir='ltr'>contrarius</span> <span class='ocrx_word' id='word_1_307' title='bbox 1715 1503 1768 1543; x_wconf 88' lang='lat' dir='ltr'>est</span> <span class='ocrx_word' id='word_1_308' title='bbox 1788 1504 2027 1544; x_wconf 84' lang='lat' dir='ltr'>alternationi</span> <span class='ocrx_word' id='word_1_309' title='bbox 2041 1506 2249 1546; x_wconf 86' lang='lat' dir='ltr'>Lunarium</span> 
     </span>
     <span class='ocr_line' id='line_1_23' title="bbox 415 1556 2248 1614; baseline -0.001 -12"><span class='ocrx_word' id='word_1_310' title='bbox 415 1562 702 1603; x_wconf 85' lang='lat' dir='ltr'>interuallorum</span> <span class='ocrx_word' id='word_1_311' title='bbox 713 1588 724 1605; x_wconf 91' lang='lat'>‚</span> <span class='ocrx_word' id='word_1_312' title='bbox 741 1572 783 1599; x_wconf 91' lang='lat' dir='ltr'>ut</span> <span class='ocrx_word' id='word_1_313' title='bbox 800 1575 882 1614; x_wconf 85' lang='lat' dir='ltr'>quae</span> <span class='ocrx_word' id='word_1_314' title='bbox 895 1574 987 1599; x_wconf 82' lang='lat' dir='ltr'>caua</span> <span class='ocrx_word' id='word_1_315' title='bbox 996 1560 1125 1599; x_wconf 87' lang='lat' dir='ltr'>suntin</span> <span class='ocrx_word' id='word_1_316' title='bbox 1136 1556 1379 1603; x_wconf 70' lang='lat' dir='ltr'>Kalendarm,</span> <span class='ocrx_word' id='word_1_317' title='bbox 1400 1574 1442 1599; x_wconf 88' lang='lat' dir='ltr'>ea</span> <span class='ocrx_word' id='word_1_318' title='bbox 1452 1560 1563 1614; x_wconf 88' lang='lat' dir='ltr'>plena</span> <span class='ocrx_word' id='word_1_319' title='bbox 1574 1559 1691 1599; x_wconf 84' lang='lat' dir='ltr'>sintin</span> <span class='ocrx_word' id='word_1_320' title='bbox 1700 1560 1905 1600; x_wconf 85' lang='lat' dir='ltr'>rationibus</span> <span class='ocrx_word' id='word_1_321' title='bbox 1919 1560 2047 1606; x_wconf 79' lang='lat' dir='ltr'>Lunae,</span> <span class='ocrx_word' id='word_1_322' title='bbox 2057 1567 2248 1604; x_wconf 84' lang='lat' dir='ltr'>&amp;contra.</span> 
     </span>
     <span class='ocr_line' id='line_1_24' title="bbox 418 1614 2248 1671; baseline 0 -13"><span class='ocrx_word' id='word_1_323' title='bbox 418 1619 538 1658; x_wconf 91' lang='lat' dir='ltr'>Cuius</span> <span class='ocrx_word' id='word_1_324' title='bbox 550 1621 602 1656; x_wconf 89' lang='lat' dir='ltr'>rei</span> <span class='ocrx_word' id='word_1_325' title='bbox 611 1617 793 1671; x_wconf 86' lang='lat' dir='ltr'>praeclarae</span> <span class='ocrx_word' id='word_1_326' title='bbox 805 1619 1045 1670; x_wconf 84' lang='lat' dir='ltr'>ignoratione</span> <span class='ocrx_word' id='word_1_327' title='bbox 1062 1616 1218 1655; x_wconf 88' lang='lat' dir='ltr'>Clauius</span> <span class='ocrx_word' id='word_1_328' title='bbox 1235 1627 1362 1655; x_wconf 84' lang='lat' dir='ltr'>totuin</span> <span class='ocrx_word' id='word_1_329' title='bbox 1379 1615 1555 1655; x_wconf 84' lang='lat' dir='ltr'>ordinem</span> <span class='ocrx_word' id='word_1_330' title='bbox 1568 1615 1793 1670; x_wconf 69' lang='lat' dir='ltr'>Epacstarum</span> <span class='ocrx_word' id='word_1_331' title='bbox 1805 1614 1981 1656; x_wconf 89' lang='lat' dir='ltr'>miserum</span> <span class='ocrx_word' id='word_1_332' title='bbox 1997 1622 2035 1658; x_wconf 72' lang='grc' dir='ltr'>δε</span> <span class='ocrx_word' id='word_1_333' title='bbox 2047 1618 2248 1658; x_wconf 87' lang='lat' dir='ltr'>ridiculum</span> 
     </span>
     <span class='ocr_line' id='line_1_25' title="bbox 415 1669 2248 1730; baseline 0.001 -18"><span class='ocrx_word' id='word_1_334' title='bbox 415 1678 456 1713; x_wconf 88' lang='lat' dir='ltr'>in</span> <span class='ocrx_word' id='word_1_335' title='bbox 465 1672 628 1712; x_wconf 86' lang='lat' dir='ltr'>modurn</span> <span class='ocrx_word' id='word_1_336' title='bbox 641 1671 899 1713; x_wconf 63' lang='lat' dir='ltr'>conturbatum,</span> <span class='ocrx_word' id='word_1_337' title='bbox 916 1684 957 1710; x_wconf 92' lang='lat' dir='ltr'>ut</span> <span class='ocrx_word' id='word_1_338' title='bbox 969 1676 1006 1710; x_wconf 75' lang='grc' dir='ltr'>δι</span> <span class='ocrx_word' id='word_1_339' title='bbox 1015 1674 1137 1725; x_wconf 89' lang='lat' dir='ltr'>pueris</span> <span class='ocrx_word' id='word_1_340' title='bbox 1150 1670 1234 1725; x_wconf 89' lang='lat' dir='ltr'>ipsis</span> <span class='ocrx_word' id='word_1_341' title='bbox 1248 1676 1286 1710; x_wconf 84' lang='lat'>&amp;</span> <span class='ocrx_word' id='word_1_342' title='bbox 1295 1670 1435 1710; x_wconf 89' lang='lat' dir='ltr'>rusticis</span> <span class='ocrx_word' id='word_1_343' title='bbox 1452 1669 1705 1710; x_wconf 87' lang='lat' dir='ltr'>deridendum</span> <span class='ocrx_word' id='word_1_344' title='bbox 1722 1669 1793 1710; x_wconf 91' lang='lat' dir='ltr'>sese</span> <span class='ocrx_word' id='word_1_345' title='bbox 1801 1675 2028 1726; x_wconf 88' lang='lat' dir='ltr'>propinarit,</span> <span class='ocrx_word' id='word_1_346' title='bbox 2045 1677 2149 1714; x_wconf 90' lang='lat' dir='ltr'>cuius</span> <span class='ocrx_word' id='word_1_347' title='bbox 2162 1689 2248 1730; x_wconf 89' lang='lat' dir='ltr'>per-</span> 
     </span>
     <span class='ocr_line' id='line_1_26' title="bbox 414 1726 2247 1784; baseline 0.001 -15"><span class='ocrx_word' id='word_1_348' title='bbox 414 1732 545 1784; x_wconf 87' lang='lat' dir='ltr'>magni</span> <span class='ocrx_word' id='word_1_349' title='bbox 555 1731 733 1767; x_wconf 84' lang='lat' dir='ltr'>intererat</span> <span class='ocrx_word' id='word_1_350' title='bbox 742 1730 911 1782; x_wconf 86' lang='lat' dir='ltr'>cogitare</span> <span class='ocrx_word' id='word_1_351' title='bbox 921 1754 932 1771; x_wconf 90' lang='lat'>‚</span> <span class='ocrx_word' id='word_1_352' title='bbox 953 1726 1283 1780; x_wconf 80' lang='lat' dir='ltr'>quemadmodum</span> <span class='ocrx_word' id='word_1_353' title='bbox 1295 1727 1535 1771; x_wconf 82' lang='lat' dir='ltr'>Analemma‚</span> <span class='ocrx_word' id='word_1_354' title='bbox 1549 1726 1871 1781; x_wconf 87' lang='lat' dir='ltr'>&amp;Horologium,</span> <span class='ocrx_word' id='word_1_355' title='bbox 1883 1731 1976 1767; x_wconf 90' lang='lat' dir='ltr'>item</span> <span class='ocrx_word' id='word_1_356' title='bbox 1984 1732 2111 1783; x_wconf 88' lang='lat' dir='ltr'>imago</span> <span class='ocrx_word' id='word_1_357' title='bbox 2119 1733 2158 1769; x_wconf 92' lang='lat' dir='ltr'>in</span> <span class='ocrx_word' id='word_1_358' title='bbox 2167 1729 2189 1768; x_wconf 95' lang='lat' dir='ltr'>s</span> <span class='ocrx_word' id='word_1_359' title='bbox 2209 1745 2247 1770; x_wconf 77' lang='lat' dir='ltr'>e-</span> 
     </span>
     <span class='ocr_line' id='line_1_27' title="bbox 413 1745 2205 1841; baseline 0 -17"><span class='ocrx_word' id='word_1_360' title='bbox 413 1786 502 1825; x_wconf 92' lang='lat' dir='ltr'>culo</span> <span class='ocrx_word' id='word_1_361' title='bbox 515 1789 553 1824; x_wconf 85' lang='lat'>&amp;</span> <span class='ocrx_word' id='word_1_362' title='bbox 561 1797 698 1839; x_wconf 86' lang='lat' dir='ltr'>corpus</span> <span class='ocrx_word' id='word_1_363' title='bbox 712 1782 796 1822; x_wconf 91' lang='lat' dir='ltr'>sunt</span> <span class='ocrx_word' id='word_1_364' title='bbox 808 1780 1058 1836; x_wconf 64' lang='grc' dir='ltr'>οἱντις-ρέφοῆοι,</span> <span class='ocrx_word' id='word_1_365' title='bbox 1072 1795 1115 1822; x_wconf 89' lang='lat' dir='ltr'>ut</span> <span class='ocrx_word' id='word_1_366' title='bbox 1126 1786 1166 1822; x_wconf 88' lang='lat' dir='ltr'>in</span> <span class='ocrx_word' id='word_1_367' title='bbox 1178 1783 1296 1823; x_wconf 88' lang='lat' dir='ltr'>altero</span> <span class='ocrx_word' id='word_1_368' title='bbox 1305 1796 1388 1838; x_wconf 75' lang='lat' dir='ltr'>quae</span> <span class='ocrx_word' id='word_1_369' title='bbox 1396 1781 1481 1822; x_wconf 90' lang='lat' dir='ltr'>sunt</span> <span class='ocrx_word' id='word_1_370' title='bbox 1490 1782 1634 1826; x_wconf 85' lang='lat' dir='ltr'>dextra,</span> <span class='ocrx_word' id='word_1_371' title='bbox 1642 1786 1682 1821; x_wconf 88' lang='lat' dir='ltr'>in</span> <span class='ocrx_word' id='word_1_372' title='bbox 1694 1783 1812 1822; x_wconf 88' lang='lat' dir='ltr'>altero</span> <span class='ocrx_word' id='word_1_373' title='bbox 1820 1782 1891 1822; x_wconf 80' lang='lat' dir='ltr'>sint</span> <span class='ocrx_word' id='word_1_374' title='bbox 1902 1782 2053 1829; x_wconf 84' lang='lat' dir='ltr'>sinistra,</span> <span class='ocrx_word' id='word_1_375' title='bbox 2062 1789 2114 1824; x_wconf 86' lang='lat' dir='ltr'>ita</span> <span class='ocrx_word' id='word_1_376' title='bbox 2123 1745 2205 1841; x_wconf 48' lang='lat' dir='ltr'>diff),</span> 
     </span>
     <span class='ocr_line' id='line_1_28' title="bbox 414 1838 2248 1894; baseline 0.001 -14"><span class='ocrx_word' id='word_1_377' title='bbox 414 1840 526 1880; x_wconf 85' lang='lat' dir='ltr'>situm</span> <span class='ocrx_word' id='word_1_378' title='bbox 537 1840 761 1894; x_wconf 64' lang='lat' dir='ltr'>Epaetarum</span> <span class='ocrx_word' id='word_1_379' title='bbox 782 1843 822 1878; x_wconf 88' lang='lat' dir='ltr'>in</span> <span class='ocrx_word' id='word_1_380' title='bbox 842 1851 1028 1879; x_wconf 87' lang='lat' dir='ltr'>contextu</span> <span class='ocrx_word' id='word_1_381' title='bbox 1044 1838 1192 1878; x_wconf 87' lang='lat' dir='ltr'>dierum</span> <span class='ocrx_word' id='word_1_382' title='bbox 1215 1839 1466 1884; x_wconf 86' lang='lat' dir='ltr'>Iulianorum,</span> <span class='ocrx_word' id='word_1_383' title='bbox 1488 1844 1526 1878; x_wconf 82' lang='lat'>&amp;</span> <span class='ocrx_word' id='word_1_384' title='bbox 1547 1839 1814 1878; x_wconf 84' lang='lat' dir='ltr'>alternationes</span> <span class='ocrx_word' id='word_1_385' title='bbox 1832 1838 2017 1879; x_wconf 79' lang='lat' dir='ltr'>mensium</span> <span class='ocrx_word' id='word_1_386' title='bbox 2039 1841 2248 1882; x_wconf 86' lang='lat' dir='ltr'>Lunarium</span> 
     </span>
     <span class='ocr_line' id='line_1_29' title="bbox 412 1893 2245 1951; baseline 0 -14"><span class='ocrx_word' id='word_1_387' title='bbox 412 1895 607 1951; x_wconf 56' lang='grc' dir='ltr'>αἷνπςρέφᾷν</span> <span class='ocrx_word' id='word_1_388' title='bbox 618 1923 630 1940; x_wconf 88' lang='grc'>,</span> <span class='ocrx_word' id='word_1_389' title='bbox 651 1901 779 1950; x_wconf 85' lang='lat' dir='ltr'>&amp;quae</span> <span class='ocrx_word' id='word_1_390' title='bbox 792 1894 875 1934; x_wconf 90' lang='lat' dir='ltr'>sunt</span> <span class='ocrx_word' id='word_1_391' title='bbox 883 1909 976 1935; x_wconf 87' lang='lat' dir='ltr'>caua</span> <span class='ocrx_word' id='word_1_392' title='bbox 987 1894 1195 1935; x_wconf 89' lang='lat' dir='ltr'>secundum</span> <span class='ocrx_word' id='word_1_393' title='bbox 1203 1894 1281 1935; x_wconf 87' lang='lat' dir='ltr'>dies</span> <span class='ocrx_word' id='word_1_394' title='bbox 1288 1899 1379 1935; x_wconf 90' lang='lat' dir='ltr'>anni</span> <span class='ocrx_word' id='word_1_395' title='bbox 1387 1922 1398 1940; x_wconf 92' lang='lat'><em>‚</em></span> <span class='ocrx_word' id='word_1_396' title='bbox 1420 1909 1464 1935; x_wconf 83' lang='lat' dir='ltr'>ea</span> <span class='ocrx_word' id='word_1_397' title='bbox 1476 1896 1589 1950; x_wconf 86' lang='lat' dir='ltr'>plena</span> <span class='ocrx_word' id='word_1_398' title='bbox 1598 1893 1670 1934; x_wconf 86' lang='lat' dir='ltr'>effe</span> <span class='ocrx_word' id='word_1_399' title='bbox 1678 1893 1885 1934; x_wconf 90' lang='lat' dir='ltr'>secundum</span> <span class='ocrx_word' id='word_1_400' title='bbox 1895 1896 2120 1936; x_wconf 84' lang='lat' dir='ltr'>naturalium</span> <span class='ocrx_word' id='word_1_401' title='bbox 2131 1901 2245 1937; x_wconf 88' lang='lat' dir='ltr'>inter-</span> 
     </span>
     <span class='ocr_line' id='line_1_30' title="bbox 413 1950 2246 2009; baseline 0.001 -17"><span class='ocrx_word' id='word_1_402' title='bbox 413 1954 600 1993; x_wconf 85' lang='lat' dir='ltr'>uallomm</span> <span class='ocrx_word' id='word_1_403' title='bbox 611 1951 817 1996; x_wconf 86' lang='lat' dir='ltr'>Lunarium</span> <span class='ocrx_word' id='word_1_404' title='bbox 826 1951 1129 1991; x_wconf 87' lang='lat' dir='ltr'>alternationem.</span> <span class='ocrx_word' id='word_1_405' title='bbox 1164 1950 1239 1992; x_wconf 86' lang='lat' dir='ltr'>Sed</span> <span class='ocrx_word' id='word_1_406' title='bbox 1252 1950 1342 1993; x_wconf 87' lang='lat' dir='ltr'>huic</span> <span class='ocrx_word' id='word_1_407' title='bbox 1350 1963 1431 1991; x_wconf 87' lang='lat' dir='ltr'>tarn</span> <span class='ocrx_word' id='word_1_408' title='bbox 1449 1950 1557 1992; x_wconf 80' lang='lat' dir='ltr'>foedo</span> <span class='ocrx_word' id='word_1_409' title='bbox 1571 1956 1687 1991; x_wconf 86' lang='lat' dir='ltr'>errori</span> <span class='ocrx_word' id='word_1_410' title='bbox 1697 1951 1819 2001; x_wconf 88' lang='lat' dir='ltr'>Clauij</span> <span class='ocrx_word' id='word_1_411' title='bbox 1829 1980 1839 1995; x_wconf 88' lang='lat'><em>,</em></span> <span class='ocrx_word' id='word_1_412' title='bbox 1856 1951 1973 1997; x_wconf 85' lang='lat' dir='ltr'>libro,</span> <span class='ocrx_word' id='word_1_413' title='bbox 1992 1966 2075 1993; x_wconf 84' lang='lat' dir='ltr'>non</span> <span class='ocrx_word' id='word_1_414' title='bbox 2087 1952 2246 2009; x_wconf 85' lang='lat' dir='ltr'>simplici</span> 
     </span>
     <span class='ocr_line' id='line_1_31' title="bbox 413 2006 2246 2064; baseline 0 -15"><span class='ocrx_word' id='word_1_415' title='bbox 413 2009 659 2064; x_wconf 87' lang='lat' dir='ltr'>castigatione</span> <span class='ocrx_word' id='word_1_416' title='bbox 667 2022 763 2064; x_wconf 90' lang='lat' dir='ltr'>opus</span> <span class='ocrx_word' id='word_1_417' title='bbox 777 2021 864 2047; x_wconf 86' lang='lat' dir='ltr'>erat.</span> <span class='ocrx_word' id='word_1_418' title='bbox 900 2008 943 2046; x_wconf 92' lang='lat' dir='ltr'>In</span> <span class='ocrx_word' id='word_1_419' title='bbox 957 2007 1135 2047; x_wconf 81' lang='lat' dir='ltr'>Kalendis</span> <span class='ocrx_word' id='word_1_420' title='bbox 1146 2010 1258 2062; x_wconf 87' lang='lat' dir='ltr'>igitur</span> <span class='ocrx_word' id='word_1_421' title='bbox 1266 2007 1395 2053; x_wconf 70' lang='lat' dir='ltr'>Martii</span> <span class='ocrx_word' id='word_1_422' title='bbox 1411 2011 1490 2044; x_wconf 63' lang='lat' dir='ltr'>iffi</span> <span class='ocrx_word' id='word_1_423' title='bbox 1502 2007 1533 2047; x_wconf 82' lang='lat' dir='ltr'>F.</span> <span class='ocrx_word' id='word_1_424' title='bbox 1563 2008 1641 2047; x_wconf 54' lang='lat' dir='ltr'>a&amp;</span> <span class='ocrx_word' id='word_1_425' title='bbox 1653 2006 1856 2051; x_wconf 81' lang='lat' dir='ltr'>statuenda,</span> <span class='ocrx_word' id='word_1_426' title='bbox 1866 2022 1949 2049; x_wconf 87' lang='lat' dir='ltr'>non</span> <span class='ocrx_word' id='word_1_427' title='bbox 1957 2006 2104 2064; x_wconf 80' lang='lat' dir='ltr'>signum</span> <span class='ocrx_word' id='word_1_428' title='bbox 2118 2021 2151 2056; x_wconf 76' lang='lat'>*</span> <span class='ocrx_word' id='word_1_429' title='bbox 2172 2015 2246 2051; x_wconf 70' lang='lat' dir='ltr'>«sce.</span> 
     </span>
     <span class='ocr_line' id='line_1_32' title="bbox 412 2021 2246 2121; baseline 0.001 -16"><span class='ocrx_word' id='word_1_430' title='bbox 412 2066 544 2119; x_wconf 89' lang='lat' dir='ltr'>Atque</span> <span class='ocrx_word' id='word_1_431' title='bbox 563 2064 742 2104; x_wconf 59' lang='lat' dir='ltr'>haetenus</span> <span class='ocrx_word' id='word_1_432' title='bbox 756 2063 804 2104; x_wconf 92' lang='lat' dir='ltr'>de</span> <span class='ocrx_word' id='word_1_433' title='bbox 822 2063 1000 2119; x_wconf 82' lang='lat' dir='ltr'>dispositu</span> <span class='ocrx_word' id='word_1_434' title='bbox 1016 2064 1241 2119; x_wconf 68' lang='lat' dir='ltr'>EpaEtarum</span> <span class='ocrx_word' id='word_1_435' title='bbox 1250 2082 1264 2109; x_wconf 88' lang='lat'>‚-</span> <span class='ocrx_word' id='word_1_436' title='bbox 1288 2069 1354 2120; x_wconf 90' lang='lat' dir='ltr'>qui</span> <span class='ocrx_word' id='word_1_437' title='bbox 1367 2076 1502 2121; x_wconf 81' lang='lat' dir='ltr'>praeter</span> <span class='ocrx_word' id='word_1_438' title='bbox 1516 2021 1602 2104; x_wconf 55' lang='lat' dir='ltr'>afias</span> <span class='ocrx_word' id='word_1_439' title='bbox 1613 2064 1789 2104; x_wconf 84' lang='lat' dir='ltr'>utilitates</span> <span class='ocrx_word' id='word_1_440' title='bbox 1800 2092 1811 2108; x_wconf 88' lang='lat'><em>‚</em></span> <span class='ocrx_word' id='word_1_441' title='bbox 1834 2063 1935 2105; x_wconf 88' lang='lat' dir='ltr'>hanc</span> <span class='ocrx_word' id='word_1_442' title='bbox 1945 2079 2100 2120; x_wconf 90' lang='lat' dir='ltr'>quoque</span> <span class='ocrx_word' id='word_1_443' title='bbox 2114 2064 2246 2111; x_wconf 83' lang='lat' dir='ltr'>habet,</span> 
     </span>
     <span class='ocr_line' id='line_1_33' title="bbox 410 2119 2243 2176; baseline 0.001 -15"><span class='ocrx_word' id='word_1_444' title='bbox 410 2125 500 2163; x_wconf 86' lang='lat' dir='ltr'>utin</span> <span class='ocrx_word' id='word_1_445' title='bbox 510 2121 654 2160; x_wconf 86' lang='lat' dir='ltr'>Martio</span> <span class='ocrx_word' id='word_1_446' title='bbox 667 2120 745 2160; x_wconf 90' lang='lat' dir='ltr'>dies</span> <span class='ocrx_word' id='word_1_447' title='bbox 754 2119 889 2160; x_wconf 85' lang='lat' dir='ltr'>mensis</span> <span class='ocrx_word' id='word_1_448' title='bbox 900 2121 1058 2174; x_wconf 84' lang='lat' dir='ltr'>quilibet</span> <span class='ocrx_word' id='word_1_449' title='bbox 1067 2119 1110 2159; x_wconf 85' lang='lat' dir='ltr'>sit</span> <span class='ocrx_word' id='word_1_450' title='bbox 1118 2121 1450 2176; x_wconf 88' lang='lat' dir='ltr'>complementum</span> <span class='ocrx_word' id='word_1_451' title='bbox 1464 2120 1628 2175; x_wconf 56' lang='lat' dir='ltr'>Epactaa</span> <span class='ocrx_word' id='word_1_452' title='bbox 1637 2134 1720 2175; x_wconf 82' lang='lat' dir='ltr'>quae</span> <span class='ocrx_word' id='word_1_453' title='bbox 1732 2123 1916 2176; x_wconf 89' lang='lat' dir='ltr'>eregione</span> <span class='ocrx_word' id='word_1_454' title='bbox 1928 2119 2038 2175; x_wconf 81' lang='lat' dir='ltr'>ipsius</span> <span class='ocrx_word' id='word_1_455' title='bbox 2049 2119 2171 2176; x_wconf 85' lang='lat' dir='ltr'>posita</span> <span class='ocrx_word' id='word_1_456' title='bbox 2179 2122 2243 2163; x_wconf 85' lang='lat' dir='ltr'>est.</span> 
     </span>
     <span class='ocr_line' id='line_1_34' title="bbox 414 2175 2245 2233; baseline 0.001 -16"><span class='ocrx_word' id='word_1_457' title='bbox 414 2177 761 2232; x_wconf 82' lang='lat' dir='ltr'>Compleinentuni</span> <span class='ocrx_word' id='word_1_458' title='bbox 770 2190 898 2216; x_wconf 86' lang='lat' dir='ltr'>autem</span> <span class='ocrx_word' id='word_1_459' title='bbox 912 2190 1094 2217; x_wconf 87' lang='lat' dir='ltr'>vocamus</span> <span class='ocrx_word' id='word_1_460' title='bbox 1103 2176 1159 2218; x_wconf 83' lang='lat' dir='ltr'>id,</span> <span class='ocrx_word' id='word_1_461' title='bbox 1177 2175 1283 2231; x_wconf 89' lang='lat' dir='ltr'>quod</span> <span class='ocrx_word' id='word_1_462' title='bbox 1297 2176 1401 2218; x_wconf 87' lang='lat' dir='ltr'>deest</span> <span class='ocrx_word' id='word_1_463' title='bbox 1419 2177 1567 2232; x_wconf 70' lang='grc' dir='ltr'>Ερειᾶεε</span> <span class='ocrx_word' id='word_1_464' title='bbox 1577 2204 1589 2221; x_wconf 86' lang='grc'><strong><em>,</em></strong></span> <span class='ocrx_word' id='word_1_465' title='bbox 1605 2176 1654 2218; x_wconf 86' lang='lat' dir='ltr'>ad</span> <span class='ocrx_word' id='word_1_466' title='bbox 1662 2180 1815 2232; x_wconf 87' lang='lat' dir='ltr'>triginta</span> <span class='ocrx_word' id='word_1_467' title='bbox 1826 2176 2076 2233; x_wconf 87' lang='lat' dir='ltr'>complenda.</span> <span class='ocrx_word' id='word_1_468' title='bbox 2106 2177 2245 2218; x_wconf 84' lang='lat' dir='ltr'>Exem-</span> 
     </span>
     <span class='ocr_line' id='line_1_35' title="bbox 411 2231 2242 2288; baseline 0.002 -18"><span class='ocrx_word' id='word_1_469' title='bbox 411 2232 537 2286; x_wconf 86' lang='lat' dir='ltr'>plum:</span> <span class='ocrx_word' id='word_1_470' title='bbox 560 2232 652 2272; x_wconf 90' lang='lat' dir='ltr'>Hoc</span> <span class='ocrx_word' id='word_1_471' title='bbox 662 2246 766 2271; x_wconf 84' lang='lat' dir='ltr'>anno</span> <span class='ocrx_word' id='word_1_472' title='bbox 782 2242 885 2280; x_wconf 84' lang='lat'>1604</span> <span class='ocrx_word' id='word_1_473' title='bbox 904 2238 1020 2272; x_wconf 84' lang='lat' dir='ltr'>currit</span> <span class='ocrx_word' id='word_1_474' title='bbox 1032 2235 1161 2286; x_wconf 66' lang='lat' dir='ltr'>epacta</span> <span class='ocrx_word' id='word_1_475' title='bbox 1177 2240 1187 2268; x_wconf 80' lang='lat' dir='ltr'>i</span> <span class='ocrx_word' id='word_1_476' title='bbox 1193 2246 1229 2273; x_wconf 84' lang='lat' dir='ltr'>x.</span> <span class='ocrx_word' id='word_1_477' title='bbox 1250 2233 1385 2274; x_wconf 88' lang='lat' dir='ltr'>desunt</span> <span class='ocrx_word' id='word_1_478' title='bbox 1392 2233 1443 2272; x_wconf 79' lang='lat' dir='ltr'>&#39;illi</span> <span class='ocrx_word' id='word_1_479' title='bbox 1456 2237 1512 2268; x_wconf 53' lang='grc' dir='ltr'>,δεῖ</span> <span class='ocrx_word' id='word_1_480' title='bbox 1527 2233 1576 2272; x_wconf 87' lang='lat' dir='ltr'>ad</span> <span class='ocrx_word' id='word_1_481' title='bbox 1589 2237 1649 2269; x_wconf 58' lang='lat'>›35‹</span> <span class='ocrx_word' id='word_1_482' title='bbox 1660 2231 1901 2288; x_wconf 85' lang='lat' dir='ltr'>complenda.</span> <span class='ocrx_word' id='word_1_483' title='bbox 1937 2231 2121 2288; x_wconf 87' lang='lat' dir='ltr'>Ergoipsa</span> <span class='ocrx_word' id='word_1_484' title='bbox 2131 2246 2242 2276; x_wconf 82' lang='lat' dir='ltr'>nota-</span> 
     </span>
     <span class='ocr_line' id='line_1_36' title="bbox 411 2285 2240 2343; baseline 0 -16"><span class='ocrx_word' id='word_1_485' title='bbox 411 2299 452 2328; x_wconf 84' lang='lat' dir='ltr'>ta</span> <span class='ocrx_word' id='word_1_486' title='bbox 463 2285 516 2327; x_wconf 89' lang='lat' dir='ltr'>est</span> <span class='ocrx_word' id='word_1_487' title='bbox 527 2285 576 2325; x_wconf 81' lang='lat' dir='ltr'>ad</span> <span class='ocrx_word' id='word_1_488' title='bbox 594 2290 646 2322; x_wconf 65' lang='grc' dir='ltr'>κ’)ῐι</span> <span class='ocrx_word' id='word_1_489' title='bbox 666 2286 767 2324; x_wconf 83' lang='lat' dir='ltr'>diem</span> <span class='ocrx_word' id='word_1_490' title='bbox 775 2287 916 2336; x_wconf 84' lang='lat' dir='ltr'>Martij.</span> <span class='ocrx_word' id='word_1_491' title='bbox 948 2288 1046 2326; x_wconf 79' lang='lat' dir='ltr'>Vide</span> <span class='ocrx_word' id='word_1_492' title='bbox 1060 2289 1207 2328; x_wconf 80' lang='lat' dir='ltr'>Noram</span> <span class='ocrx_word' id='word_1_493' title='bbox 1223 2288 1272 2329; x_wconf 87' lang='lat' dir='ltr'>ad</span> <span class='ocrx_word' id='word_1_494' title='bbox 1286 2290 1494 2331; x_wconf 87' lang='lat' dir='ltr'>Canonem</span> <span class='ocrx_word' id='word_1_495' title='bbox 1506 2288 1702 2329; x_wconf 89' lang='lat' dir='ltr'>decimum</span> <span class='ocrx_word' id='word_1_496' title='bbox 1721 2287 1831 2328; x_wconf 89' lang='lat' dir='ltr'>huius</span> <span class='ocrx_word' id='word_1_497' title='bbox 1852 2288 2013 2343; x_wconf 87' lang='lat' dir='ltr'>Capitis.</span> <span class='ocrx_word' id='word_1_498' title='bbox 2043 2288 2125 2328; x_wconf 84' lang='lat' dir='ltr'>Nisi</span> <span class='ocrx_word' id='word_1_499' title='bbox 2135 2292 2240 2328; x_wconf 88' lang='lat' dir='ltr'>enim</span> 
     </span>
     <span class='ocr_line' id='line_1_37' title="bbox 413 2341 2240 2410; baseline 0 -29"><span class='ocrx_word' id='word_1_500' title='bbox 413 2357 435 2382; x_wconf 88' lang='lat' dir='ltr'>e</span> <span class='ocrx_word' id='word_1_501' title='bbox 465 2343 571 2381; x_wconf 61' lang='lat' dir='ltr'>aerae</span> <span class='ocrx_word' id='word_1_502' title='bbox 583 2344 738 2395; x_wconf 86' lang='lat' dir='ltr'>regione</span> <span class='ocrx_word' id='word_1_503' title='bbox 746 2342 1020 2395; x_wconf 84' lang='lat' dir='ltr'>complementi</span> <span class='ocrx_word' id='word_1_504' title='bbox 1031 2341 1082 2380; x_wconf 91' lang='lat' dir='ltr'>sui</span> <span class='ocrx_word' id='word_1_505' title='bbox 1098 2343 1277 2382; x_wconf 88' lang='lat' dir='ltr'>statuatur</span> <span class='ocrx_word' id='word_1_506' title='bbox 1286 2370 1297 2388; x_wconf 92' lang='lat'><em>‚</em></span> <span class='ocrx_word' id='word_1_507' title='bbox 1321 2357 1521 2410; x_wconf 79' lang='lat' dir='ltr'>nunquam</span> <span class='ocrx_word' id='word_1_508' title='bbox 1532 2343 1984 2396; x_wconf 86' lang='lat' dir='ltr'>designabitnouilunium</span> <span class='ocrx_word' id='word_1_509' title='bbox 1994 2368 2006 2386; x_wconf 91' lang='lat'><em>‚</em></span> <span class='ocrx_word' id='word_1_510' title='bbox 2019 2355 2085 2381; x_wconf 88' lang='lat' dir='ltr'>aut</span> <span class='ocrx_word' id='word_1_511' title='bbox 2099 2341 2173 2382; x_wconf 73' lang='grc' dir='ltr'>ἔνᾶυ</span> <span class='ocrx_word' id='word_1_512' title='bbox 2183 2343 2240 2393; x_wconf 69' lang='grc' dir='ltr'>»(9ιί</span> 
     </span>
     <span class='ocr_line' id='line_1_38' title="bbox 409 2394 2239 2452; baseline 0 -15"><span class='ocrx_word' id='word_1_513' title='bbox 409 2414 491 2439; x_wconf 70' lang='grc' dir='ltr'><strong><em>νεαν.</em></strong></span> <span class='ocrx_word' id='word_1_514' title='bbox 521 2398 570 2437; x_wconf 86' lang='lat' dir='ltr'>Et</span> <span class='ocrx_word' id='word_1_515' title='bbox 579 2400 662 2436; x_wconf 89' lang='lat' dir='ltr'>vice</span> <span class='ocrx_word' id='word_1_516' title='bbox 668 2396 779 2441; x_wconf 84' lang='lat' dir='ltr'>versa,</span> <span class='ocrx_word' id='word_1_517' title='bbox 788 2397 934 2451; x_wconf 58' lang='lat' dir='ltr'>Epaela,</span> <span class='ocrx_word' id='word_1_518' title='bbox 950 2410 1033 2450; x_wconf 81' lang='lat' dir='ltr'>quae</span> <span class='ocrx_word' id='word_1_519' title='bbox 1044 2410 1126 2435; x_wconf 89' lang='lat' dir='ltr'>non</span> <span class='ocrx_word' id='word_1_520' title='bbox 1136 2396 1280 2436; x_wconf 86' lang='lat' dir='ltr'>indicat</span> <span class='ocrx_word' id='word_1_521' title='bbox 1290 2396 1367 2438; x_wconf 70' lang='grc' dir='ltr'>’ἐνᾶιι</span> <span class='ocrx_word' id='word_1_522' title='bbox 1377 2415 1432 2445; x_wconf 66' lang='grc' dir='ltr'>ιῳᾳ</span> <span class='ocrx_word' id='word_1_523' title='bbox 1444 2396 1515 2436; x_wconf 61' lang='grc' dir='ltr'>νέαι</span> <span class='ocrx_word' id='word_1_524' title='bbox 1523 2425 1533 2439; x_wconf 93' lang='grc'><strong><em>,</em></strong></span> <span class='ocrx_word' id='word_1_525' title='bbox 1551 2397 1693 2435; x_wconf 87' lang='lat' dir='ltr'>nonest</span> <span class='ocrx_word' id='word_1_526' title='bbox 1703 2410 1723 2435; x_wconf 89' lang='lat' dir='ltr'>e</span> <span class='ocrx_word' id='word_1_527' title='bbox 1731 2400 1886 2451; x_wconf 84' lang='lat' dir='ltr'>regione</span> <span class='ocrx_word' id='word_1_528' title='bbox 1893 2394 2168 2452; x_wconf 82' lang='lat' dir='ltr'>complementi</span> <span class='ocrx_word' id='word_1_529' title='bbox 2176 2398 2239 2439; x_wconf 87' lang='lat' dir='ltr'>sui.</span> 
     </span>
     <span class='ocr_line' id='line_1_39' title="bbox 410 2451 2238 2508; baseline 0.001 -14"><span class='ocrx_word' id='word_1_530' title='bbox 410 2451 549 2494; x_wconf 82' lang='lat' dir='ltr'>Rursus</span> <span class='ocrx_word' id='word_1_531' title='bbox 560 2453 783 2508; x_wconf 62' lang='lat' dir='ltr'>Epastarum</span> <span class='ocrx_word' id='word_1_532' title='bbox 795 2452 1003 2492; x_wconf 83' lang='lat' dir='ltr'>nostrarum</span> <span class='ocrx_word' id='word_1_533' title='bbox 1023 2451 1163 2507; x_wconf 84' lang='lat' dir='ltr'>duplex</span> <span class='ocrx_word' id='word_1_534' title='bbox 1178 2451 1299 2492; x_wconf 76' lang='lat' dir='ltr'>versus</span> <span class='ocrx_word' id='word_1_535' title='bbox 1308 2452 1360 2492; x_wconf 91' lang='lat' dir='ltr'>est</span> <span class='ocrx_word' id='word_1_536' title='bbox 1369 2477 1380 2493; x_wconf 79' lang='grc'><em>,</em></span> <span class='ocrx_word' id='word_1_537' title='bbox 1400 2455 1504 2507; x_wconf 84' lang='lat' dir='ltr'>prior</span> <span class='ocrx_word' id='word_1_538' title='bbox 1517 2452 1659 2491; x_wconf 88' lang='lat' dir='ltr'>Latinis</span> <span class='ocrx_word' id='word_1_539' title='bbox 1671 2456 1853 2494; x_wconf 88' lang='lat' dir='ltr'>numeris,</span> <span class='ocrx_word' id='word_1_540' title='bbox 1876 2453 1968 2492; x_wconf 89' lang='lat' dir='ltr'>alter</span> <span class='ocrx_word' id='word_1_541' title='bbox 1981 2453 2238 2495; x_wconf 84' lang='lat' dir='ltr'>Sarracenicis.</span> 
     </span>
     <span class='ocr_line' id='line_1_40' title="bbox 411 2506 2237 2564; baseline 0.002 -16"><span class='ocrx_word' id='word_1_542' title='bbox 411 2507 829 2564; x_wconf 68' lang='lat' dir='ltr'>PriorEpaCtav‘ocetur</span> <span class='ocrx_word' id='word_1_543' title='bbox 837 2508 971 2546; x_wconf 81' lang='lat' dir='ltr'>Latina</span> <span class='ocrx_word' id='word_1_544' title='bbox 982 2534 993 2551; x_wconf 91' lang='lat'><em>‚</em></span> <span class='ocrx_word' id='word_1_545' title='bbox 1017 2519 1081 2546; x_wconf 87' lang='lat' dir='ltr'>aut</span> <span class='ocrx_word' id='word_1_546' title='bbox 1091 2508 1256 2549; x_wconf 88' lang='lat' dir='ltr'>literalis,</span> <span class='ocrx_word' id='word_1_547' title='bbox 1276 2509 1390 2546; x_wconf 87' lang='lat' dir='ltr'>altera</span> <span class='ocrx_word' id='word_1_548' title='bbox 1403 2508 1653 2546; x_wconf 83' lang='lat' dir='ltr'>Sarracenica.</span> <span class='ocrx_word' id='word_1_549' title='bbox 1692 2506 1829 2547; x_wconf 81' lang='lat' dir='ltr'>Cauffa</span> <span class='ocrx_word' id='word_1_550' title='bbox 1840 2506 1949 2548; x_wconf 90' lang='lat' dir='ltr'>huius</span> <span class='ocrx_word' id='word_1_551' title='bbox 1957 2513 2237 2563; x_wconf 87' lang='lat' dir='ltr'>geminationis,</span> 
     </span>
     <span class='ocr_line' id='line_1_41' title="bbox 408 2560 2237 2619; baseline 0.001 -15"><span class='ocrx_word' id='word_1_552' title='bbox 408 2577 453 2604; x_wconf 90' lang='lat' dir='ltr'>ut</span> <span class='ocrx_word' id='word_1_553' title='bbox 462 2568 609 2619; x_wconf 89' lang='lat' dir='ltr'>quoties</span> <span class='ocrx_word' id='word_1_554' title='bbox 622 2567 787 2618; x_wconf 82' lang='lat' dir='ltr'>primuni</span> <span class='ocrx_word' id='word_1_555' title='bbox 797 2563 1036 2602; x_wconf 84' lang='lat' dir='ltr'>nouilunium</span> <span class='ocrx_word' id='word_1_556' title='bbox 1046 2562 1189 2601; x_wconf 88' lang='lat' dir='ltr'>incidet</span> <span class='ocrx_word' id='word_1_557' title='bbox 1198 2561 1285 2616; x_wconf 88' lang='lat' dir='ltr'>post</span> <span class='ocrx_word' id='word_1_558' title='bbox 1301 2566 1363 2596; x_wconf 79' lang='lat' dir='ltr'>&#39;xxx</span> <span class='ocrx_word' id='word_1_559' title='bbox 1379 2560 1523 2612; x_wconf 65' lang='lat' dir='ltr'>Martij,</span> <span class='ocrx_word' id='word_1_560' title='bbox 1534 2560 1917 2617; x_wconf 73' lang='lat' dir='ltr'>SarracenicaEpaCta</span> <span class='ocrx_word' id='word_1_561' title='bbox 1932 2563 2142 2608; x_wconf 80' lang='lat' dir='ltr'>assumatur,</span> <span class='ocrx_word' id='word_1_562' title='bbox 2154 2580 2237 2606; x_wconf 88' lang='lat' dir='ltr'>non</span> 
     </span>
    </p>

    <p class='ocr_par' dir='ltr' id='par_1_3' title="bbox 381 2616 2239 3329">
     <span class='ocr_line' id='line_1_42' title="bbox 381 2616 2237 2676; baseline 0.001 -16"><span class='ocrx_word' id='word_1_563' title='bbox 381 2663 392 2676; x_wconf 47' lang='grc' dir='ltr'><strong>ο</strong></span> <span class='ocrx_word' id='word_1_564' title='bbox 408 2622 566 2664; x_wconf 81' lang='lat' dir='ltr'>Latina,</span> <span class='ocrx_word' id='word_1_565' title='bbox 597 2633 679 2673; x_wconf 83' lang='lat' dir='ltr'>quae</span> <span class='ocrx_word' id='word_1_566' title='bbox 701 2618 858 2673; x_wconf 59' lang='lat' dir='ltr'>post—5615&lt;</span> <span class='ocrx_word' id='word_1_567' title='bbox 876 2618 1004 2668; x_wconf 78' lang='lat' dir='ltr'>Martij</span> <span class='ocrx_word' id='word_1_568' title='bbox 1021 2631 1159 2658; x_wconf 85' lang='lat' dir='ltr'>cauum</span> <span class='ocrx_word' id='word_1_569' title='bbox 1175 2616 1343 2656; x_wconf 88' lang='lat' dir='ltr'>mensem</span> <span class='ocrx_word' id='word_1_570' title='bbox 1362 2617 1553 2657; x_wconf 79' lang='lat' dir='ltr'>Lunarem</span> <span class='ocrx_word' id='word_1_571' title='bbox 1572 2617 1791 2662; x_wconf 87' lang='lat' dir='ltr'>constituit,</span> <span class='ocrx_word' id='word_1_572' title='bbox 1814 2633 1935 2672; x_wconf 91' lang='lat' dir='ltr'>quum</span> <span class='ocrx_word' id='word_1_573' title='bbox 1950 2632 2078 2661; x_wconf 91' lang='lat' dir='ltr'>tamen</span> <span class='ocrx_word' id='word_1_574' title='bbox 2095 2620 2172 2662; x_wconf 91' lang='lat' dir='ltr'>hoc</span> <span class='ocrx_word' id='word_1_575' title='bbox 2194 2621 2237 2663; x_wconf 82' lang='lat' dir='ltr'>fit</span> 
     </span>
     <span class='ocr_line' id='line_1_43' title="bbox 409 2673 2239 2734; baseline 0.001 -18"><span class='ocrx_word' id='word_1_576' title='bbox 409 2689 545 2717; x_wconf 88' lang='lat' dir='ltr'>contra</span> <span class='ocrx_word' id='word_1_577' title='bbox 554 2673 678 2719; x_wconf 86' lang='lat' dir='ltr'>usum,</span> <span class='ocrx_word' id='word_1_578' title='bbox 697 2673 1003 2729; x_wconf 62' lang='lat' dir='ltr'>&amp;hypothesiim</span> <span class='ocrx_word' id='word_1_579' title='bbox 1020 2688 1104 2728; x_wconf 84' lang='lat' dir='ltr'>quae</span> <span class='ocrx_word' id='word_1_580' title='bbox 1112 2677 1278 2728; x_wconf 85' lang='lat' dir='ltr'>primum</span> <span class='ocrx_word' id='word_1_581' title='bbox 1293 2674 1535 2712; x_wconf 89' lang='lat' dir='ltr'>nouilunium</span> <span class='ocrx_word' id='word_1_582' title='bbox 1550 2673 1676 2713; x_wconf 76' lang='lat' dir='ltr'>statuit</span> <span class='ocrx_word' id='word_1_583' title='bbox 1688 2673 1861 2730; x_wconf 86' lang='lat' dir='ltr'>plenum.</span> <span class='ocrx_word' id='word_1_584' title='bbox 1894 2676 2006 2731; x_wconf 85' lang='lat' dir='ltr'>Qia</span> <span class='ocrx_word' id='word_1_585' title='bbox 2016 2690 2106 2717; x_wconf 87' lang='lat' dir='ltr'>vero</span> <span class='ocrx_word' id='word_1_586' title='bbox 2119 2678 2239 2734; x_wconf 81' lang='lat' dir='ltr'>epilo-</span> 
     </span>
     <span class='ocr_line' id='line_1_44' title="bbox 408 2728 2237 2788; baseline 0.001 -17"><span class='ocrx_word' id='word_1_587' title='bbox 408 2732 515 2788; x_wconf 86' lang='lat' dir='ltr'>gismi</span> <span class='ocrx_word' id='word_1_588' title='bbox 524 2731 640 2771; x_wconf 87' lang='lat' dir='ltr'>nostri</span> <span class='ocrx_word' id='word_1_589' title='bbox 657 2744 679 2769; x_wconf 84' lang='lat' dir='ltr'>a</span> <span class='ocrx_word' id='word_1_590' title='bbox 688 2733 812 2785; x_wconf 86' lang='lat' dir='ltr'>capite</span> <span class='ocrx_word' id='word_1_591' title='bbox 820 2729 969 2784; x_wconf 89' lang='lat' dir='ltr'>periodi</span> <span class='ocrx_word' id='word_1_592' title='bbox 979 2730 1127 2768; x_wconf 84' lang='lat' dir='ltr'>lulianae</span> <span class='ocrx_word' id='word_1_593' title='bbox 1141 2728 1405 2772; x_wconf 86' lang='lat' dir='ltr'>deducuntur,·</span> <span class='ocrx_word' id='word_1_594' title='bbox 1426 2735 1464 2768; x_wconf 86' lang='lat'>&amp;</span> <span class='ocrx_word' id='word_1_595' title='bbox 1474 2743 1544 2784; x_wconf 88' lang='lat' dir='ltr'>pet</span> <span class='ocrx_word' id='word_1_596' title='bbox 1554 2733 1726 2784; x_wconf 87' lang='lat' dir='ltr'>quinque</span> <span class='ocrx_word' id='word_1_597' title='bbox 1735 2758 1745 2772; x_wconf 85' lang='lat'><em>‚</em></span> <span class='ocrx_word' id='word_1_598' title='bbox 1770 2730 1835 2769; x_wconf 76' lang='lat' dir='ltr'>aut</span> <span class='ocrx_word' id='word_1_599' title='bbox 1844 2732 2002 2786; x_wconf 82' lang='lat' dir='ltr'>amplius</span> <span class='ocrx_word' id='word_1_600' title='bbox 2012 2758 2025 2777; x_wconf 89' lang='lat'>,</span> <span class='ocrx_word' id='word_1_601' title='bbox 2045 2734 2160 2773; x_wconf 86' lang='lat' dir='ltr'>millia</span> <span class='ocrx_word' id='word_1_602' title='bbox 2171 2747 2237 2773; x_wconf 66' lang='lat' dir='ltr'>an*-</span> 
     </span>
     <span class='ocr_line' id='line_1_45' title="bbox 407 2784 2236 2841; baseline 0.001 -13"><span class='ocrx_word' id='word_1_603' title='bbox 407 2802 549 2828; x_wconf 88' lang='lat' dir='ltr'>norum</span> <span class='ocrx_word' id='word_1_604' title='bbox 556 2787 659 2826; x_wconf 86' lang='lat' dir='ltr'>bona</span> <span class='ocrx_word' id='word_1_605' title='bbox 671 2799 755 2840; x_wconf 88' lang='lat' dir='ltr'>pars</span> <span class='ocrx_word' id='word_1_606' title='bbox 764 2787 1048 2829; x_wconf 81' lang='lat' dir='ltr'>nouiluniorurn</span> <span class='ocrx_word' id='word_1_607' title='bbox 1056 2784 1191 2825; x_wconf 90' lang='lat' dir='ltr'>incidit</span> <span class='ocrx_word' id='word_1_608' title='bbox 1205 2789 1244 2824; x_wconf 88' lang='lat' dir='ltr'>in</span> <span class='ocrx_word' id='word_1_609' title='bbox 1253 2786 1423 2840; x_wconf 89' lang='lat' dir='ltr'>Aprilem</span> <span class='ocrx_word' id='word_1_610' title='bbox 1433 2812 1443 2827; x_wconf 89' lang='lat'><strong>,</strong></span> <span class='ocrx_word' id='word_1_611' title='bbox 1464 2798 1668 2840; x_wconf 86' lang='lat' dir='ltr'>propterea</span> <span class='ocrx_word' id='word_1_612' title='bbox 1677 2799 1751 2825; x_wconf 89' lang='lat' dir='ltr'>una</span> <span class='ocrx_word' id='word_1_613' title='bbox 1760 2786 1899 2841; x_wconf 67' lang='lat' dir='ltr'>Epa&amp;a</span> <span class='ocrx_word' id='word_1_614' title='bbox 1912 2788 2046 2828; x_wconf 86' lang='lat' dir='ltr'>Latina</span> <span class='ocrx_word' id='word_1_615' title='bbox 2059 2786 2140 2829; x_wconf 89' lang='lat' dir='ltr'>satis</span> <span class='ocrx_word' id='word_1_616' title='bbox 2153 2803 2236 2830; x_wconf 87' lang='lat' dir='ltr'>non</span> 
     </span>
     <span class='ocr_line' id='line_1_46' title="bbox 408 2840 2237 2896; baseline 0.002 -14"><span class='ocrx_word' id='word_1_617' title='bbox 408 2843 480 2885; x_wconf 88' lang='lat' dir='ltr'>fuit</span> <span class='ocrx_word' id='word_1_618' title='bbox 498 2843 545 2883; x_wconf 90' lang='lat' dir='ltr'>ad</span> <span class='ocrx_word' id='word_1_619' title='bbox 561 2843 690 2882; x_wconf 89' lang='lat' dir='ltr'>seriem</span> <span class='ocrx_word' id='word_1_620' title='bbox 706 2842 911 2896; x_wconf 86' lang='lat' dir='ltr'>plenorum</span> <span class='ocrx_word' id='word_1_621' title='bbox 929 2847 969 2880; x_wconf 65' lang='grc' dir='ltr'>δέ</span> <span class='ocrx_word' id='word_1_622' title='bbox 989 2851 1173 2881; x_wconf 81' lang='lat' dir='ltr'>cauorum</span> <span class='ocrx_word' id='word_1_623' title='bbox 1190 2840 1377 2880; x_wconf 83' lang='lat' dir='ltr'>mensium</span> <span class='ocrx_word' id='word_1_624' title='bbox 1393 2840 1573 2881; x_wconf 87' lang='lat' dir='ltr'>tuendam</span> <span class='ocrx_word' id='word_1_625' title='bbox 1586 2872 1595 2880; x_wconf 93' lang='lat'><strong>.</strong></span> <span class='ocrx_word' id='word_1_626' title='bbox 1629 2840 1761 2882; x_wconf 89' lang='lat' dir='ltr'>Hodie</span> <span class='ocrx_word' id='word_1_627' title='bbox 1780 2847 1911 2883; x_wconf 87' lang='lat' dir='ltr'>omnia</span> <span class='ocrx_word' id='word_1_628' title='bbox 1929 2845 2123 2887; x_wconf 87' lang='lat' dir='ltr'>nouilunia</span> <span class='ocrx_word' id='word_1_629' title='bbox 2140 2850 2237 2887; x_wconf 88' lang='lat' dir='ltr'>inci-</span> 
     </span>
     <span class='ocr_line' id='line_1_47' title="bbox 406 2897 2232 2956; baseline 0.001 -17"><span class='ocrx_word' id='word_1_630' title='bbox 406 2900 552 2940; x_wconf 89' lang='lat' dir='ltr'>duntin</span> <span class='ocrx_word' id='word_1_631' title='bbox 562 2897 730 2937; x_wconf 88' lang='lat' dir='ltr'>mensem</span> <span class='ocrx_word' id='word_1_632' title='bbox 738 2897 933 2938; x_wconf 86' lang='lat' dir='ltr'>Martium,</span> <span class='ocrx_word' id='word_1_633' title='bbox 943 2908 1076 2951; x_wconf 85' lang='lat' dir='ltr'>praeter</span> <span class='ocrx_word' id='word_1_634' title='bbox 1084 2910 1199 2952; x_wconf 88' lang='lat' dir='ltr'>quam</span> <span class='ocrx_word' id='word_1_635' title='bbox 1211 2901 1420 2937; x_wconf 90' lang='lat' dir='ltr'>innumero</span> <span class='ocrx_word' id='word_1_636' title='bbox 1432 2911 1546 2936; x_wconf 89' lang='lat' dir='ltr'>aureo</span> <span class='ocrx_word' id='word_1_637' title='bbox 1559 2901 1628 2940; x_wconf 62' lang='lat' dir='ltr'>Vffi,</span> <span class='ocrx_word' id='word_1_638' title='bbox 1645 2903 1684 2936; x_wconf 84' lang='lat'>&amp;</span> <span class='ocrx_word' id='word_1_639' title='bbox 1697 2903 1765 2936; x_wconf 69' lang='lat' dir='ltr'><strong>xYx‘.</strong></span> <span class='ocrx_word' id='word_1_640' title='bbox 1799 2897 1888 2938; x_wconf 88' lang='lat' dir='ltr'>Post</span> <span class='ocrx_word' id='word_1_641' title='bbox 1908 2903 1990 2933; x_wconf 63' lang='lat' dir='ltr'>ffiffi</span> <span class='ocrx_word' id='word_1_642' title='bbox 2008 2912 2136 2940; x_wconf 90' lang='lat' dir='ltr'>autem</span> <span class='ocrx_word' id='word_1_643' title='bbox 2148 2902 2232 2956; x_wconf 88' lang='lat' dir='ltr'>plus</span> 
     </span>
     <span class='ocr_line' id='line_1_48' title="bbox 407 2952 2234 3010; baseline 0.001 -15"><span class='ocrx_word' id='word_1_644' title='bbox 407 2960 533 2995; x_wconf 84' lang='lat' dir='ltr'>minus</span> <span class='ocrx_word' id='word_1_645' title='bbox 542 2955 666 3007; x_wconf 90' lang='lat' dir='ltr'>cyclos</span> <span class='ocrx_word' id='word_1_646' title='bbox 675 2953 822 3007; x_wconf 67' lang='lat' dir='ltr'>Epaetae</span> <span class='ocrx_word' id='word_1_647' title='bbox 835 2954 1081 2993; x_wconf 84' lang='lat' dir='ltr'>Sarracenicae</span> <span class='ocrx_word' id='word_1_648' title='bbox 1088 2953 1211 2992; x_wconf 89' lang='lat' dir='ltr'>nullus</span> <span class='ocrx_word' id='word_1_649' title='bbox 1219 2953 1378 3008; x_wconf 86' lang='lat' dir='ltr'>amplius</span> <span class='ocrx_word' id='word_1_650' title='bbox 1389 2952 1470 2993; x_wconf 92' lang='lat' dir='ltr'>usus</span> <span class='ocrx_word' id='word_1_651' title='bbox 1477 2956 1558 2993; x_wconf 90' lang='lat' dir='ltr'>erit.</span> <span class='ocrx_word' id='word_1_652' title='bbox 1591 2953 1717 2993; x_wconf 91' lang='lat' dir='ltr'>Nobis</span> <span class='ocrx_word' id='word_1_653' title='bbox 1727 2952 1928 2993; x_wconf 86' lang='lat' dir='ltr'>necessario</span> <span class='ocrx_word' id='word_1_654' title='bbox 1945 2953 2068 3010; x_wconf 87' lang='lat' dir='ltr'>aliqua</span> <span class='ocrx_word' id='word_1_655' title='bbox 2081 2957 2234 2997; x_wconf 89' lang='lat' dir='ltr'>metho-</span> 
     </span>
     <span class='ocr_line' id='line_1_49' title="bbox 408 3007 2236 3068; baseline -0.003 -17"><span class='ocrx_word' id='word_1_656' title='bbox 408 3011 478 3051; x_wconf 91' lang='lat' dir='ltr'>dus</span> <span class='ocrx_word' id='word_1_657' title='bbox 491 3009 658 3059; x_wconf 72' lang='lat' dir='ltr'>ineunda</span> <span class='ocrx_word' id='word_1_658' title='bbox 669 3007 754 3051; x_wconf 88' lang='lat' dir='ltr'>fuit,</span> <span class='ocrx_word' id='word_1_659' title='bbox 777 3007 1014 3062; x_wconf 85' lang='lat' dir='ltr'>quamensis,</span> <span class='ocrx_word' id='word_1_660' title='bbox 1036 3011 1242 3063; x_wconf 89' lang='lat' dir='ltr'>quiincipit</span> <span class='ocrx_word' id='word_1_661' title='bbox 1250 3011 1290 3047; x_wconf 91' lang='lat' dir='ltr'>in</span> <span class='ocrx_word' id='word_1_662' title='bbox 1301 3010 1421 3065; x_wconf 84' lang='lat' dir='ltr'>Aprili</span> <span class='ocrx_word' id='word_1_663' title='bbox 1435 3035 1447 3054; x_wconf 91' lang='lat'>‚</span> <span class='ocrx_word' id='word_1_664' title='bbox 1467 3009 1600 3064; x_wconf 89' lang='lat' dir='ltr'>plenus</span> <span class='ocrx_word' id='word_1_665' title='bbox 1608 3008 1717 3054; x_wconf 81' lang='lat' dir='ltr'>estet,</span> <span class='ocrx_word' id='word_1_666' title='bbox 1736 3009 2080 3064; x_wconf 85' lang='lat' dir='ltr'>neinhypothesim</span> <span class='ocrx_word' id='word_1_667' title='bbox 2098 3027 2236 3068; x_wconf 73' lang='lat' dir='ltr'>pecca-</span> 
     </span>
     <span class='ocr_line' id='line_1_50' title="bbox 407 3063 2232 3120; baseline 0.002 -13"><span class='ocrx_word' id='word_1_668' title='bbox 407 3079 544 3107; x_wconf 49' lang='lat' dir='ltr'>remusi</span> <span class='ocrx_word' id='word_1_669' title='bbox 575 3063 758 3118; x_wconf 86' lang='lat' dir='ltr'>Alioquin</span> <span class='ocrx_word' id='word_1_670' title='bbox 770 3064 796 3103; x_wconf 87' lang='lat' dir='ltr'>fi</span> <span class='ocrx_word' id='word_1_671' title='bbox 809 3068 890 3118; x_wconf 89' lang='lat' dir='ltr'>quis</span> <span class='ocrx_word' id='word_1_672' title='bbox 900 3065 1080 3119; x_wconf 59' lang='lat' dir='ltr'>Epauam</span> <span class='ocrx_word' id='word_1_673' title='bbox 1091 3065 1370 3105; x_wconf 86' lang='lat' dir='ltr'>Sarracenicam</span> <span class='ocrx_word' id='word_1_674' title='bbox 1387 3069 1503 3105; x_wconf 84' lang='lat' dir='ltr'>vitare</span> <span class='ocrx_word' id='word_1_675' title='bbox 1514 3065 1610 3106; x_wconf 84' lang='lat' dir='ltr'>vult,</span> <span class='ocrx_word' id='word_1_676' title='bbox 1626 3068 1656 3104; x_wconf 90' lang='lat' dir='ltr'>is</span> <span class='ocrx_word' id='word_1_677' title='bbox 1663 3079 1735 3120; x_wconf 93' lang='lat' dir='ltr'>pro</span> <span class='ocrx_word' id='word_1_678' title='bbox 1747 3064 1866 3105; x_wconf 86' lang='lat' dir='ltr'>Nisan</span> <span class='ocrx_word' id='word_1_679' title='bbox 1883 3066 2038 3107; x_wconf 89' lang='lat' dir='ltr'>Niceno</span> <span class='ocrx_word' id='word_1_680' title='bbox 2049 3095 2062 3112; x_wconf 92' lang='lat'>‚</span> <span class='ocrx_word' id='word_1_681' title='bbox 2082 3068 2232 3109; x_wconf 87' lang='lat' dir='ltr'>Adarin</span> 
     </span>
     <span class='ocr_line' id='line_1_51' title="bbox 405 3119 2232 3176; baseline 0.002 -14"><span class='ocrx_word' id='word_1_682' title='bbox 405 3123 552 3162; x_wconf 89' lang='lat' dir='ltr'>Martio</span> <span class='ocrx_word' id='word_1_683' title='bbox 565 3120 739 3163; x_wconf 71' lang='lat' dir='ltr'>assumat,</span> <span class='ocrx_word' id='word_1_684' title='bbox 761 3124 826 3174; x_wconf 91' lang='lat' dir='ltr'>qui</span> <span class='ocrx_word' id='word_1_685' title='bbox 835 3120 888 3159; x_wconf 88' lang='lat' dir='ltr'>est</span> <span class='ocrx_word' id='word_1_686' title='bbox 898 3119 1014 3160; x_wconf 86' lang='lat' dir='ltr'>Nisan</span> <span class='ocrx_word' id='word_1_687' title='bbox 1026 3119 1197 3160; x_wconf 87' lang='lat' dir='ltr'>Iudaicus</span> <span class='ocrx_word' id='word_1_688' title='bbox 1209 3147 1220 3164; x_wconf 89' lang='lat'>‚</span> <span class='ocrx_word' id='word_1_689' title='bbox 1237 3125 1275 3160; x_wconf 90' lang='lat'>&amp;</span> <span class='ocrx_word' id='word_1_690' title='bbox 1290 3134 1419 3161; x_wconf 88' lang='lat' dir='ltr'>utatur</span> <span class='ocrx_word' id='word_1_691' title='bbox 1433 3120 1639 3176; x_wconf 90' lang='lat' dir='ltr'>posteriore</span> <span class='ocrx_word' id='word_1_692' title='bbox 1651 3133 1758 3176; x_wconf 86' lang='lat' dir='ltr'>parte</span> <span class='ocrx_word' id='word_1_693' title='bbox 1779 3121 1935 3161; x_wconf 81' lang='lat' dir='ltr'>Tabulae</span> <span class='ocrx_word' id='word_1_694' title='bbox 1945 3121 2114 3164; x_wconf 69' lang='lat' dir='ltr'>secundae</span> <span class='ocrx_word' id='word_1_695' title='bbox 2121 3124 2232 3164; x_wconf 83' lang='lat' dir='ltr'>huius</span> 
     </span>
     <span class='ocr_line' id='line_1_52' title="bbox 408 3175 2230 3235; baseline 0.001 -17"><span class='ocrx_word' id='word_1_696' title='bbox 408 3180 574 3233; x_wconf 87' lang='lat' dir='ltr'>Capitis,</span> <span class='ocrx_word' id='word_1_697' title='bbox 594 3190 677 3230; x_wconf 76' lang='lat' dir='ltr'>qua:</span> <span class='ocrx_word' id='word_1_698' title='bbox 697 3175 839 3215; x_wconf 82' lang='lat' dir='ltr'>indicat</span> <span class='ocrx_word' id='word_1_699' title='bbox 856 3179 987 3215; x_wconf 84' lang='lat' dir='ltr'>omnia</span> <span class='ocrx_word' id='word_1_700' title='bbox 1005 3176 1200 3215; x_wconf 87' lang='lat' dir='ltr'>nouilunia</span> <span class='ocrx_word' id='word_1_701' title='bbox 1222 3175 1370 3228; x_wconf 84' lang='lat' dir='ltr'>Martij.</span> <span class='ocrx_word' id='word_1_702' title='bbox 1401 3177 1445 3217; x_wconf 93' lang='lat' dir='ltr'>In</span> <span class='ocrx_word' id='word_1_703' title='bbox 1458 3175 1625 3216; x_wconf 90' lang='lat' dir='ltr'>editione</span> <span class='ocrx_word' id='word_1_704' title='bbox 1644 3180 1736 3216; x_wconf 90' lang='lat' dir='ltr'>noui</span> <span class='ocrx_word' id='word_1_705' title='bbox 1754 3181 1845 3216; x_wconf 84' lang='lat' dir='ltr'>anni</span> <span class='ocrx_word' id='word_1_706' title='bbox 1856 3177 1952 3217; x_wconf 86' lang='lat' dir='ltr'>nihil</span> <span class='ocrx_word' id='word_1_707' title='bbox 1967 3179 2039 3219; x_wconf 88' lang='lat' dir='ltr'>tale</span> <span class='ocrx_word' id='word_1_708' title='bbox 2059 3184 2230 3235; x_wconf 87' lang='lat' dir='ltr'>reperias.</span> 
     </span>
     <span class='ocr_line' id='line_1_53' title="bbox 407 3226 2230 3291; baseline 0.002 -18"><span class='ocrx_word' id='word_1_709' title='bbox 407 3235 555 3273; x_wconf 83' lang='lat' dir='ltr'>Omnia</span> <span class='ocrx_word' id='word_1_710' title='bbox 568 3226 727 3284; x_wconf 60' lang='grc' dir='ltr'>πρρὶἶώδη</span> <span class='ocrx_word' id='word_1_711' title='bbox 743 3258 753 3273; x_wconf 82' lang='grc'><strong><em>,</em></strong></span> <span class='ocrx_word' id='word_1_712' title='bbox 785 3237 824 3271; x_wconf 84' lang='lat'>&amp;</span> <span class='ocrx_word' id='word_1_713' title='bbox 846 3232 1041 3272; x_wconf 85' lang='lat' dir='ltr'>turbarum</span> <span class='ocrx_word' id='word_1_714' title='bbox 1068 3232 1199 3286; x_wconf 74' lang='lat' dir='ltr'>plena.</span> <span class='ocrx_word' id='word_1_715' title='bbox 1261 3233 1465 3284; x_wconf 81' lang='lat' dir='ltr'>Subijciam</span> <span class='ocrx_word' id='word_1_716' title='bbox 1488 3235 1656 3288; x_wconf 88' lang='lat' dir='ltr'>primum</span> <span class='ocrx_word' id='word_1_717' title='bbox 1683 3231 1982 3288; x_wconf 80' lang='lat' dir='ltr'>designationem</span> <span class='ocrx_word' id='word_1_718' title='bbox 2005 3235 2230 3291; x_wconf 61' lang='lat' dir='ltr'>Epa-starum</span> 
     </span>
     <span class='ocr_line' id='line_1_54' title="bbox 405 3302 616 3329; baseline 0.005 -3"><span class='ocrx_word' id='word_1_719' title='bbox 405 3302 498 3328; x_wconf 90' lang='lat' dir='ltr'>noui</span> <span class='ocrx_word' id='word_1_720' title='bbox 515 3303 616 3329; x_wconf 75' lang='lat' dir='ltr'>anni,</span> 
     </span>
    </p>
   </div>
   <div class='ocr_carea' id='block_1_3' title="bbox 533 3392 2041 3468">
    <p class='ocr_par' dir='ltr' id='par_1_4' title="bbox 533 3392 2041 3468">
     <span class='ocr_line' id='line_1_55' title="bbox 533 3392 2041 3468; baseline 0.003 -30"><span class='ocrx_word' id='word_1_721' title='bbox 533 3396 958 3438; x_wconf 85' lang='lat' dir='ltr'>DISPOSITIO</span> <span class='ocrx_word' id='word_1_722' title='bbox 989 3397 1437 3441; x_wconf 86' lang='lat' dir='ltr'>EPACTARVM</span> <span class='ocrx_word' id='word_1_723' title='bbox 1467 3397 1642 3438; x_wconf 84' lang='lat' dir='ltr'>LILH</span> <span class='ocrx_word' id='word_1_724' title='bbox 1671 3399 1754 3439; x_wconf 87' lang='lat' dir='ltr'>ET</span> <span class='ocrx_word' id='word_1_725' title='bbox 1785 3392 2041 3468; x_wconf 63' lang='lat' dir='ltr'>qLAv‘I&#39;I.</span> 
     </span>
    </p>
   </div>
   <div class='ocr_carea' id='block_1_4' title="bbox 356 3507 2226 3567">
    <p class='ocr_par' dir='ltr' id='par_1_5' title="bbox 356 3507 2226 3567">
     <span class='ocr_line' id='line_1_56' title="bbox 356 3507 2226 3567; baseline 0.004 -24"><span class='ocrx_word' id='word_1_726' title='bbox 356 3513 370 3543; x_wconf 83' lang='grc' dir='ltr'><strong><em>ῐ</em></strong></span> <span class='ocrx_word' id='word_1_727' title='bbox 417 3509 467 3547; x_wconf 82' lang='lat' dir='ltr'>-A</span> <span class='ocrx_word' id='word_1_728' title='bbox 491 3507 669 3547; x_wconf 83' lang='lat' dir='ltr'>Kalendis</span> <span class='ocrx_word' id='word_1_729' title='bbox 699 3510 856 3560; x_wconf 80' lang='lat' dir='ltr'>Ianuarij</span> <span class='ocrx_word' id='word_1_730' title='bbox 884 3508 1158 3549; x_wconf 84' lang='lat' dir='ltr'>instituendum</span> <span class='ocrx_word' id='word_1_731' title='bbox 1180 3511 1403 3565; x_wconf 74' lang='lat' dir='ltr'>EpaCtarum</span> <span class='ocrx_word' id='word_1_732' title='bbox 1427 3513 1601 3554; x_wconf 85' lang='lat' dir='ltr'>initium,</span> <span class='ocrx_word' id='word_1_733' title='bbox 1629 3522 1671 3550; x_wconf 92' lang='lat' dir='ltr'>ut</span> <span class='ocrx_word' id='word_1_734' title='bbox 1702 3511 1749 3550; x_wconf 87' lang='lat' dir='ltr'>ab</span> <span class='ocrx_word' id='word_1_735' title='bbox 1777 3512 1916 3553; x_wconf 89' lang='lat' dir='ltr'>eodem</span> <span class='ocrx_word' id='word_1_736' title='bbox 1942 3515 2065 3567; x_wconf 80' lang='lat' dir='ltr'>capite</span> <span class='ocrx_word' id='word_1_737' title='bbox 2092 3523 2226 3557; x_wconf 82' lang='lat' dir='ltr'>annus,</span> 
     </span>
    </p>
   </div>
   <div class='ocr_carea' id='block_1_5' title="bbox 395 3564 2228 3664">
    <p class='ocr_par' dir='ltr' id='par_1_6' title="bbox 395 3564 2228 3664">
     <span class='ocr_line' id='line_1_57' title="bbox 395 3564 2227 3663; baseline 0.009 -72"><span class='ocrx_word' id='word_1_738' title='bbox 395 3569 445 3604; x_wconf 66' lang='grc' dir='ltr'>,δι</span> <span class='ocrx_word' id='word_1_739' title='bbox 457 3564 812 3620; x_wconf 63' lang='grc' dir='ltr'>Ερεᾶκίηείρίαηῑ.</span> <span class='ocrx_word' id='word_1_740' title='bbox 852 3564 1173 3607; x_wconf 72' lang='lat' dir='ltr'>ideoinxalendis</span> <span class='ocrx_word' id='word_1_741' title='bbox 1189 3566 1383 3607; x_wconf 84' lang='lat' dir='ltr'>statuenda</span> <span class='ocrx_word' id='word_1_742' title='bbox 1401 3566 1454 3606; x_wconf 86' lang='lat' dir='ltr'>est</span> <span class='ocrx_word' id='word_1_743' title='bbox 1465 3578 1558 3607; x_wconf 87' lang='lat' dir='ltr'>nota</span> <span class='ocrx_word' id='word_1_744' title='bbox 1576 3579 1629 3614; x_wconf 83' lang='lat'>*›</span> <span class='ocrx_word' id='word_1_745' title='bbox 1648 3570 1736 3620; x_wconf 86' lang='lat' dir='ltr'>quia</span> <span class='ocrx_word' id='word_1_746' title='bbox 1754 3572 1898 3622; x_wconf 86' lang='lat' dir='ltr'>primus</span> <span class='ocrx_word' id='word_1_747' title='bbox 1920 3566 2055 3662; x_wconf 41' lang='lat' dir='ltr'>mensi?</span> <span class='ocrx_word' id='word_1_748' title='bbox 2070 3567 2227 3663; x_wconf 39' lang='lat' dir='ltr'>&amp;¹¹²5ss</span> 
     </span>
     <span class='ocr_line' id='line_1_58' title="bbox 2055 3635 2228 3664; baseline 0.012 -3"><span class='ocrx_word' id='word_1_749' title='bbox 2055 3637 2075 3661; x_wconf 87' lang='lat' dir='ltr'>e</span> <span class='ocrx_word' id='word_1_750' title='bbox 2104 3635 2142 3663; x_wconf 89' lang='lat' dir='ltr'>et</span> <span class='ocrx_word' id='word_1_751' title='bbox 2156 3638 2176 3664; x_wconf 91' lang='lat' dir='ltr'>e</span> <span class='ocrx_word' id='word_1_752' title='bbox 2207 3638 2228 3663; x_wconf 90' lang='lat' dir='ltr'>e</span> 
     </span>
    </p>
   </div>
  </div>
 </body>
</html>
