2366 4040
370 238 421 286 48
749 223 1861 272 MARCELLINICOMITIS

425 309 621 349 demloco
643 320 726 361 quo
739 306 891 347 dudum
911 299 1276 361 Theodofiimagni

428 365 602 409 steterat,
626 363 736 415 super
759 364 967 402 immanem
988 359 1215 397 columnam
1235 368 1275 394 in

428 419 517 460 foro
527 420 651 459 Tauri
663 418 800 458 statuta
813 415 880 454 est.

490 514 1010 565 INDICTIONE
1071 513 1175 554 XV.

557 601 759 655 wizastasto
793 594 1106 650 tAug.111.Cos?

378 697 529 739 Seditio
541 689 738 747 popularis
757 687 795 725 in
810 686 935 725 Circo
958 683 1058 724 fasta
1069 685 1147 732 est,
1169 685 1281 726 miles
1303 709 1308 713 -

433 756 470 792 &
481 760 646 790 armatus
661 743 822 784 obstitit.
837 741 993 781 Gradus
1003 741 1115 781 Circi
1129 741 1283 794 septen-

1371 299 1465 339 dem
1476 297 1644 352 principi
1656 300 1748 340 dare
1760 299 1972 346 distulit‚ab
1985 301 2128 340 eodem
2141 300 2219 341 Eu·

1371 355 1502 394 chaita
1521 356 1559 392 in
1582 356 1746 395 exilium
1758 356 2041 407 deputatusest.
2068 357 2221 396 Locum

1376 409 1614 449 Macedonii
1634 411 1871 450 Timotheus
1891 413 2110 450 meridiano
2127 422 2224 450 tem-

1375 479 1472 518 pore
1490 465 1537 504 ab
1552 465 1751 505 Anastasio
1769 464 1920 505 Caesare
1934 467 2143 520 episcopus
2163 479 2226 506 or-

1375 520 1686 561 dinatusinvasit.

1460 623 1984 665 INDICTIONE
2037 623 2088 665 V·

1532 707 1692 753 Paulo&
1710 707 1912 760 &rusciano
1931 706 2015 761 Coffss

437 804 613 846 trionalis
632 800 695 839 sua
717 811 807 838 cum
830 794 984 836 fornice
1002 796 1147 836 incensi
1166 796 1285 836 colla·
1324 792 1434 846 Saepe
1449 792 1590 832 caelum
1608 793 1628 831 a
1652 791 1950 851 septentrionali
1974 795 2088 848 plaga
2100 793 2231 834 ardere

437 859 572 913 psique
583 856 669 896 sunt
683 883 695 902 ‚
708 852 904 894 Anastasio
915 850 1067 892 Caesare
1078 853 1117 892 in
1131 850 1285 906 proces-

439 914 537 954 sibus
549 919 835 953 commorante.

523 1019 1060 1058 INDICTIONE
1121 1012 1152 1051 I.

617 1097 733 1136 Celere
742 1094 789 1141 &i
798 1093 962 1134 Venamio
972 1090 1056 1146 Coffi

387 1185 593 1226 Romanus
612 1185 763 1224 Comes
778 1178 1098 1219 Domesticorum
1111 1181 1148 1218 ἃ
1159 1177 1292 1217 Rusti-

441 1256 510 1282 cus
530 1241 677 1281 Comes
690 1236 982 1277 scholariorum
995 1263 1007 1282 ‚
1029 1247 1120 1274 cum
1134 1244 1294 1273 centum

440 1297 595 1337 armatis
616 1293 798 1340 navibus,
817 1291 1068 1344 totidemque
1088 1291 1294 1329 dromoni·

441 1354 535 1400 bus,
557 1352 650 1392 οᾶο
664 1349 785 1390 millia
805 1347 973 1386 militum
986 1358 1222 1385 armatorum
1243 1345 1294 1384 se-

444 1422 531 1448 cum
545 1406 759 1447 ferentibus
769 1434 780 1450 ‚
792 1403 840 1442 ad
857 1402 1090 1442 devastanda
1102 1403 1220 1442 Italiae
1233 1403 1294 1442 lit-

443 1476 530 1504 tora
543 1461 865 1515 processeruiit,&
881 1456 1004 1511 usque
1016 1459 1064 1497 ad
1077 1458 1297 1498 Tarentum

445 1517 745 1572 antiquissimam
758 1515 957 1554 civitatem
972 1513 1127 1566 aggressi
1140 1513 1297 1562 sunt,i·e-

448 1575 668 1628 mensoque
689 1571 783 1611 mari
801 1568 1044 1610 inhonestam
1064 1569 1268 1609 vistoriam
1288 1598 1300 1617 ,

448 1644 567 1684 quam
587 1629 754 1682 piratico
776 1624 867 1665 ausu
888 1626 1061 1665 Romani
1080 1638 1128 1663 ex
1150 1625 1300 1665 Roma-

448 1688 506 1726 nis
526 1694 762 1738 rapuerunt,
781 1679 981 1721 Anastasio
1002 1679 1148 1721 Caesari
1164 1695 1299 1735 repor-

448 1751 592 1782 tarunt.

521 1846 1049 1886 INDICTIONE
1110 1839 1174 1881 II.

668 1936 859 1981 opportuno
870 1925 944 1979 filo
956 1924 1031 1978 Coſs

395 2018 501 2057 Orto
537 2011 713 2067 Augusta
743 2011 838 2051 urbe
875 2010 1062 2050 incendio
1091 2020 1300 2063 utramque

452 2073 653 2126 porticum
672 2069 693 2108 a
713 2067 805 2107 foro
829 2067 1081 2107 Constantini
1104 2065 1227 2120 usque
1250 2064 1300 2104 ad

451 2127 629 2169 Perdicae
656 2123 913 2164 tenuissimam
940 2121 1101 2161 statuam
1131 2122 1232 2174 ignis
1258 2122 1297 2160 in

449 2182 651 2238 pulverem
673 2179 841 2230 redegit.
865 2177 1004 2216 Portus
1020 2176 1164 2228 juliani
1184 2177 1300 2216 undis

453 2241 529 2279 suis
541 2236 728 2276 rotalibus
748 2232 937 2272 machinis
947 2232 1052 2284 prius
1070 2232 1300 2278 exhaustus,

457 2293 655 2343 coenoque
666 2288 803 2330 effosso
815 2316 827 2336 ,
848 2298 1030 2341 purgatus
1042 2287 1108 2328 est.

523 2398 1044 2438 INDICTIONE
1094 2392 1187 2434 III.

705 2471 996 2527 BoetiofiloCoss

407 2568 665 2610 Simulacrum
687 2578 839 2605 aeneum
868 2565 907 2604 in
938 2563 1031 2605 foro
1049 2563 1229 2619 Strategii
1249 2565 1307 2606 su·

456 2637 523 2677 per
546 2623 737 2664 fornicem
761 2620 954 2668 residens,
976 2624 1014 2660 &
1033 2635 1157 2660 cornu
1180 2625 1307 2675 copiae

453 2679 622 2720 fortuna:
648 2678 819 2717 retinens
847 2677 1035 2716 incendio
1056 2676 1306 2730 proflamma-

453 2748 537 2776 tum
550 2732 947 2785 est‚combusti‘1mque
958 2732 1080 2772 amisit
1091 2733 1305 2780 brachium,

457 2791 571 2845 quod
589 2802 719 2829 tamen
744 2787 916 2827 statuarii
944 2788 1138 2827 continuo
1166 2788 1307 2828 solida-

457 2859 559 2887 runt.
572 2847 724 2898 Appius
737 2843 924 2882 Patricius
933 2843 1112 2883 exulatus
1123 2843 1307 2883 est.C0n-

458 2902 646 2942 stantinus
666 2900 761 2938 olim
784 2898 973 2950 Magister
989 2900 1135 2939 militiae
1156 2899 1306 2952 episco-

456 2972 528 3012 pus
547 2956 755 2997 Laodiceae
767 2955 984 2994 ordinatus,

520 3063 1045 3101 INDICTIONE
1103 3057 1185 3099 IV.

627 3140 816 3180 seczmalmo
826 3139 870 3184 ὠ·
881 3139 991 3177 Felice
1000 3135 1084 3191 Coff

410 3231 674 3273 Macedonius
688 3229 867 3282 Augustae
878 3230 981 3269 urbis
992 3228 1309 3283 episcopus,licet

460 3288 554 3325 olim
568 3285 747 3325 Anastasii
759 3286 1004 3338 Imperatoris
1021 3285 1123 3324 dolis
1135 3284 1307 3324 fallaciis-

458 3355 538 3397 que
549 3342 1060 3394 circumventus,pravorum
1073 3340 1308 3380 testimoniis

459 3397 586 3438 eidem
607 3396 802 3435 accusatus
816 3425 825 3442 ,
844 3397 1032 3449 quoniam
1057 3408 1206 3435 tomum
1228 3395 1308 3435 san-

463 3454 613 3493 &orum
633 3449 791 3489 Parrum
804 3453 908 3501 apud
922 3451 1217 3491 Calchedonam
1231 3451 1308 3491 san-

464 3509 524 3548 &a
535 3506 685 3547 dudum
700 3503 978 3557 subscriptione
991 3507 1213 3548 roboratum
1224 3536 1236 3555 ,
1251 3508 1306 3547 ei-

1382 846 1504 888 visum
1521 846 1588 886 est.
1616 847 1693 885 Die
1714 848 1920 888 dominico
1934 878 1945 896 ‚
1966 850 2232 900 dumjubente

1383 901 1582 945 Anastasio
1593 902 1743 941 Caesare
1755 931 1766 949 ,
1778 915 1846 953 per
1860 903 2073 953 Marinum,
2082 906 2234 959 perque

1386 959 1641 1000 Platonemin
1661 956 1831 996 ecclesiae
1853 959 2011 1010 pulpito
2024 961 2233 1001 consisten-

1386 1028 1467 1061 tes,
1488 1015 1526 1053 in
1539 1013 1727 1066 hymnum
1739 1012 1948 1053 Trinitatis
1970 1014 2235 1067 Deipasliano-

1389 1084 1474 1111 rum
1487 1069 1725 1123 quaternitas
1743 1069 1902 1108 additur
1914 1098 1925 1116 ,
1952 1070 2065 1109 multi
2085 1070 2236 1109 Ortho-

1391 1128 1589 1166 doxorum
1603 1125 1761 1178 pristina
1773 1138 1874 1163 voce
1885 1125 2088 1177 psallentes
2102 1155 2112 1172 ,
2123 1125 2239 1178 perfi-

1391 1182 1541 1235 dosque
1556 1193 1757 1233 praecones
1779 1179 2015 1219 clamoribus
2032 1181 2240 1234 objurgan-

1391 1249 1473 1283 tes,
1516 1238 1557 1276 in
1582 1235 1752 1285 ejusdem
1779 1235 1951 1275 ecclesiae
1983 1237 2135 1288 gremio
2158 1234 2243 1275 caesi

1395 1293 1495 1338 sunt,
1506 1290 1697 1344 duffique
1710 1291 1748 1330 in
1762 1303 1914 1331 carcere
1926 1293 2121 1343 perierunt
2135 1291 2244 1331 :alte-

1393 1362 1432 1387 ra
1446 1348 1703 1387 nihilominus
1723 1347 1789 1386 die
1809 1347 1848 1386 in
1868 1348 1968 1386 atrio
1980 1346 2245 1387 sanfflTheo-

1394 1404 1483 1443 dori
1497 1404 1634 1455 majori
1644 1403 1748 1442 caede
1768 1401 1971 1443 Catholici
1983 1417 2055 1457 pro
2067 1403 2146 1443 fide
2159 1402 2246 1442 uni·

1394 1463 1440 1498 'ca
1460 1457 1623 1511 perculsi
1646 1456 1741 1497 sunt.
1768 1458 2025 1511 Qapropter
2043 1469 2246 1498 commota

1395 1514 1732 1554 Orthodoxorum
1747 1514 1901 1567 agmina
1914 1515 1979 1554 die
1993 1514 2187 1568 sequenti,
2200 1513 2245 1552 id

1394 1570 1448 1610 est
1460 1583 1551 1609 viii.
1576 1569 1669 1608 Idus
1684 1568 1890 1608 Novemb.
1917 1570 1973 1616 (in
1985 1584 2068 1622 quo
2087 1571 2155 1610 die
2166 1583 2244 1609 me-

1396 1625 1517 1665 moria
1531 1625 1672 1664 cineris
1683 1626 1835 1664 dudum
1845 1636 1967 1664 totam
1983 1625 2244 1679 Europamte-

1395 1681 1527 1732 gentis
1539 1680 1645 1732 apud
1659 1679 1872 1733 Byzantios
1884 1681 2113 1730 celebratur)
2130 1682 2168 1719 in
2181 1679 2244 1720 fo-

1395 1750 1481 1775 rum
1521 1734 1777 1775 Constantini
1807 1736 1984 1789 undique
2013 1736 2243 1776 confluunt:

1397 1791 1817 1844 quorumaliiquidem
1832 1819 1844 1838 ,
1864 1793 2010 1832 caeteris
2029 1793 2094 1831 die
2109 1791 2247 1830 ῃοθιί-

1398 1860 1478 1898 que
1510 1846 1697 1898 hymnum
1724 1846 1932 1887 Trinitatis
1962 1846 2122 1886 Christo
2154 1846 2244 1885 Deo

1398 1900 1648 1953 psallentibus
1659 1910 1803 1946 ,totam
1816 1912 2023 1955 peragrant
2033 1902 2247 1948 civitatem,

1399 1960 1438 1996 ὃς
1464 1954 1647 1996 Anastasii
1676 1955 1837 1996 Caesaris
1866 1956 2083 1997 monastico
2111 1956 2246 1996 habitu

1396 2012 1663 2052 adsentatores
1700 2009 1805 2051 ferro
1835 2012 2077 2066 flammisque
2114 2012 2247 2051 interi-

1397 2079 1530 2107 munt:
1561 2067 1627 2106 alii
1646 2065 1773 2107 claves
1792 2080 1988 2121 portarum
2003 2097 2014 2115 ,
2033 2068 2245 2120 omniaque

1397 2121 1501 2174 signa
1522 2122 1702 2160 militaria
1715 2123 1762 2162 ad
1775 2122 1904 2163 forum
1917 2152 1928 2170 ‚
1950 2137 2034 2176 quo
2045 2122 2246 2174 religionis

1398 2177 1516 2216 castra
1537 2176 1671 2215 metati
1683 2175 1834 2218 fuerant
1847 2207 1858 2226 ‚
1879 2176 2088 2227 deferunt,
2108 2177 2245 2230 ibique

1398 2231 1594 2272 Anastasio
1607 2233 1755 2272 Caesare
1767 2234 1805 2273 in
1817 2234 2053 2286 processibus
2063 2234 2247 2285 degente,

1398 2288 1666 2328 Areobindam
1678 2287 1747 2327 fibi
1765 2290 2043 2341 imperatorem
2063 2286 2146 2329 fieri
2163 2287 2244 2326 cla-

1398 2344 1547 2383 mitant.
1580 2343 1819 2396 Imaginibus
1841 2343 2010 2391 deinde,
2034 2342 2244 2396 statuisque

1400 2397 1587 2439 Anastasii
1598 2400 1638 2438 in
1650 2411 1787 2439 terram
1801 2398 1967 2454 dejestis
1977 2428 1988 2446 ‚
2013 2398 2195 2439 Celerem
2206 2402 2245 2437 &

1401 2453 1612 2494 Patricium
1625 2453 1856 2501 Senatores,
1875 2455 1925 2493 ad
1947 2452 1982 2493 se
1997 2453 2245 2507 supplicandi

1401 2507 1469 2549 sibi
1480 2510 1539 2549 vel
1561 2507 1815 2550 satisfaciendi
1830 2510 1953 2563 gratia
1970 2510 2097 2550 mistos
2108 2538 2120 2557 ‚
2133 2508 2247 2563 jaffis

1403 2565 1546 2617 pluvia:
1559 2564 1673 2605 instar
1691 2566 1883 2618 lapidibus
1905 2565 2146 2616 repulerunt.
2172 2564 2246 2604 do·

1405 2621 1530 2661 mibus
1553 2622 1700 2661 Marini
1722 2626 1759 2660 ὅ(
1783 2621 1950 2674 Pompei
1969 2620 2168 2660 succensis.
2200 2620 2246 2659 In

1404 2676 1568 2716 Circum
1580 2676 1629 2716 ad
1640 2676 1877 2716 Anastasium
1888 2677 2099 2722 venientes,
2109 2680 2146 2715 ὅ(
2160 2686 2250 2715 ante

1403 2730 1511 2771 suum
1527 2732 1665 2772 solium
1678 2731 1952 2779 consistentes,
1963 2732 2150 2785 hymnum
2162 2729 2249 2769 Tri·

1404 2787 1651 2840 nitatisjuxta
1672 2801 1817 2827 morem
1831 2787 2132 2827 Catholicorum
2154 2799 2250 2825 con-

1404 2844 1583 2883 cinentes
1601 2873 1613 2891 ‚
1652 2842 1932 2896 coruscansque
1961 2841 2219 2892 Euangelium
2236 2873 2248 2889 ,

1404 2901 1642 2952 crucemque
1662 2897 1808 2937 Christi
1821 2896 2009 2944 fei-entes,
2030 2900 2053 2937 e
2065 2896 2152 2936 foro
2164 2897 2248 2949 plu-

1403 2953 1489 2991 rimi
1499 2964 1785 2999 convenerunt,
1798 2953 2011 2998 Marinum,
2023 2952 2250 2992 Platonem-

1404 3021 1483 3060 que
1501 3010 1702 3061 pravitatis
1721 3010 1806 3059 ejus
1823 3018 1979 3048 autores
2000 3006 2089 3048 feris
2110 3006 2248 3059 subjici

1403 3064 1705 3103 conclamantes.
1737 3064 1825 3103 Hos
1844 3066 1949 3104 cives
1967 3063 2071 3102 idem
2090 3062 2247 3102 Anasta-

1403 3118 1612 3158 siusCaesar
1632 3119 1752 3167 soli-tis
1771 3120 1968 3171 perjuriis,
1988 3117 2249 3170 simulatisque

1403 3174 1587 3221 vocibus,
1616 3174 1692 3213 sese
1712 3172 1903 3214 saetarum
1924 3173 2061 3213 cun&a
2085 3174 2245 3225 promit-

1404 3242 1511 3275 tens,
1529 3231 1648 3269 tertio
1658 3229 1720 3268 die
1747 3230 1914 3282 quamin
1938 3227 2067 3268 forum
2081 3228 2246 3267 advene-

1404 3296 1509 3333 rant,
1528 3285 1608 3324 sine
1621 3286 1702 3324 ullo
1715 3299 1842 3324 rerum
1856 3285 1995 3324 effeetu
2007 3286 2056 3323 ad
2076 3283 2138 3322 sua
2150 3282 2246 3322 fecit

1405 3341 1624 3380 habitacula
1634 3340 1832 3392 repedare.
1853 3340 1973 3379 Porro
1986 3340 2246 3390 redintegrata

1404 3393 2021 3447 Anastasiuspravitate,infame1n
2036 3398 2072 3434 ὃ(
2087 3394 2245 3433 irriden-

1405 3452 1495 3490 dam
1508 3451 1698 3506 synodum
1709 3452 1813 3503 apud
1827 3450 2016 3490 Sidonem
2029 3450 2220 3489 civitatem
2231 3475 2242 3490 ‚

1406 3508 1518 3560 cujus
1547 3507 1598 3547 de
1630 3508 1789 3546 nomine
1815 3508 1855 3546 in
1884 3506 2056 3546 ridiculis
2086 3506 2242 3542 nomina

2150 3571 2243 3610 prae-
