2366 4040
927 225 1633 268 PRoLEGoMENA

281 329 377 358 nem.
424 307 605 356 Civitas
624 309 934 354 Arvernorum
947 299 1109 350 Caesari
1121 296 1183 343 est
1195 297 1414 362 quicquid
1426 297 1508 345 sub
1523 295 1697 346 ditione
1713 300 2033 349 Arvernorum
2046 300 2126 350 est.
2147 303 2244 369 ipse

277 399 410 453 putat
423 385 582 432 urbem
598 382 686 429 effe
702 378 929 427 moenibus
945 377 1149 425 cinctam.
1187 362 1329 420 E7xs'v8
1341 359 1494 438 γνώμῃ
1508 406 1523 429 ,
1544 375 1699 423 Heleno
1698 375 1910 440 subsidium
1923 375 2094 441 ferente.
2132 382 2245 430 nihil

279 458 425 502 minus
450 472 460 498 :
490 455 584 499 imo
598 446 989 512 Heleniimpulsu,
1004 441 1187 489 Heleno
1203 441 1420 510 suadente
1436 481 1450 504 ‚
1471 461 1529 490 ex
1548 442 1773 493 sententia
1800 444 1980 493 Heleni.
2003 449 2248 515 συγκλῆτὸ

277 526 453 589 eamq,
477 528 621 590 confilio
633 528 814 574 Senatws.
841 522 960 584 atqui
974 508 1235 578 ev‘yffirssccba
1247 511 1374 579 βὸλὺ
1388 518 1501 568 nihil
1515 519 1643 569 aliud
1665 520 1752 583 est,
1776 537 1909 587 quam
1928 523 2124 572 Senatus
2137 527 2247 590 ipse.

276 593 560 672 χειρώσαοῧέ,
586 602 653 650 est
673 603 717 649 in
733 597 1002 665 potestatem
1018 596 1230 661 redigere
1251 614 1262 643 t
1285 596 1588 665 Hieronymo
1610 614 1757 664 capere.
1803 597 2065 664 Hesychius
2090 593 2251 665 ια’χεὶ-

276 674 437 744 ξωἹΘψ,
452 668 716 740 Μξθψῆῶα,
728 663 961 729 οἱνίτῗητῶή
975 662 1192 720 οἱνίκηἾζῷὴ
1210 669 1402 738 ’χειρὲαἳς
1419 661 1476 739 23
1494 665 1690 737 λέγετοᾳ
1715 671 1894 734 νικοῑὶῧς.
1933 676 2111 724 Eadem
2124 676 2254 744 figni-

275 758 429 806 ficatio
453 744 494 804 ἐξ
512 743 792 815 (ωἶξριςιίσ-αοῧς
803 779 815 800 ‚
840 749 971 814 quod
985 749 1081 811 ipse
1094 749 1236 795 vertit
1248 762 1445 808 occupare.
1483 753 1596 798 Non
1610 771 1770 817 parum
1784 753 1843 801 de
1858 752 2083 802 sententia
2100 753 2255 803 detra-

273 836 346 880 xit
360 870 375 892 ,
391 847 526 896 quum
544 815 874 890 ἑπἈξχεμόρε
889 821 1008 872 male
1024 821 1242 869 reddidit.
1278 809 1399 880 νόμοι
1417 813 1595 874 meino>
1623 831 1733 888 quid
1747 829 1891 878 ess'ent
1905 868 1919 891 ³
1943 846 2002 878 ne
2012 831 2257 880 minimum

272 910 458 973 quidem
471 902 691 950 odoratus
704 900 782 949 est.
806 889 1166 960 minantium&
1181 895 1245 944 est
1257 895 1459 944 versutus
1476 903 1498 958 ,'
1517 900 1809 965 Hieronymo
1827 907 1927 951 homo
1940 911 2034 956 artis
2043 908 2254 972 plumariae.

269 974 411 1022 Unde
424 972 638 1020 adversus
649 970 883 1020 historiam
898 968 1215 1025 Macedonius
1227 983 1285 1013 ex
1297 978 1396 1012 arte
1411 965 1638 1031 plumaria
1653 969 1709 1016 ad
1728 968 2080 1025 ecclesiasticum
2094 994 2258 1024 munus

264 1040 523 1108 provectus.
563 1039 704 1099 Qod
722 1037 775 1085 fit
792 1032 1046 1110 τωὲἶγῆερῶυ
1062 1029 1163 1093 mig
1175 1073 1188 1095 ‚
1211 1052 1350 1083 nemo
1371 1051 1430 1082 ex
1453 1033 1551 1100 ejus
1570 1037 1962 1103 interpretatione
1977 1041 2256 1108 assequetur.

267 1109 512 1182 Ηξώῶειον,
540 1117 796 1163 Herodionem
817 1152 832 1175 ‚
882 1113 1005 1180 quasi
1043 1112 1155 1161 effet
1188 1102 1414 1175 ,Ι-Ιξωδῖων.
1469 1114 1555 1161 Per
1574 1113 1671 1162 haec
1695 1114 1743 1161 8<
1765 1113 1951 1177 similia,
1975 1116 2112 1180 (non
2137 1119 2261 1170 enim

265 1190 418 1235 omnia
434 1183 732 1250 collegimus)
753 1183 961 1231 deterior
972 1196 1156 1230 tantum
1173 1181 1492 1240 fitsententia,
1518 1199 1615 1230 non
1634 1180 1747 1230 nihil
1762 1184 1904 1232 etiarn
1925 1183 2123 1234 historia.
2165 1189 2261 1237 Sed

265 1273 407 1321 quum
423 1253 516 1320 ipse
530 1251 697 1301 alicubi
709 1251 880 1300 dixerit
899 1255 1151 1317 interpretum
1161 1250 1426 1318 difficultatem
1438 1267 1456 1298 e
1489 1270 1507 1297 e
1518 1289 1532 1312 2
1544 1270 1590 1299 ne
1603 1252 1785 1301 vertendo
1795 1265 1977 1302 evertant
1989 1290 2004 1313 ,
2026 1268 2189 1303 caetera
2201 1257 2260 1304 ab

262 1341 322 1372 eo
349 1323 569 1373 conversa
596 1360 609 1383 ,
635 1323 681 1369 in
704 1321 867 1388 quibus
891 1321 1007 1369 fides
1033 1320 1226 1369 historiae
1241 1321 1449 1379 laeditur,
1471 1321 1566 1368 haec
1591 1320 1707 1370 sunt.
1761 1318 2010 1392 Ευοιγόρρις
2035 1323 2261 1389 βαωλόῦς

261 1393 424 1464 Κύπξ8
444 1391 594 1457 <Kieri-
631 1399 686 1448 Id
701 1412 795 1447 erat
808 1418 818 1443 :
833 1399 1069 1465 Euagoras
1081 1415 1139 1446 ex
1153 1401 1322 1465 Cypro
1338 1396 1542 1447 excessit.
1588 1398 1908 1464 Hieronymus
1931 1417 1942 1445 ε
1962 1402 2172 1466 Euagorae
2183 1421 2262 1452 rex

265 1475 373 1535 Qpri
394 1474 431 1518 in
445 1474 613 1535 furorem
640 1466 774 1533 versus
794 1470 864 1516 eff.
901 1470 1030 1516 Tota
1050 1466 1238 1516 historia
1255 1480 1347 1516 tarn
1368 1469 1564 1533 inopina
1578 1468 1972 1533 interpretatione
1987 1470 2262 1520 diffimulata

264 1546 346 1596 est.
385 1539 503 1600 Hae)
514 1541 572 1592 τὲ
584 1536 753 1609 Πξώτὸ
763 1529 992 1611 λεγομῆόὸ
1005 1536 1240 1609 Φοξωνὲως
1252 1577 1267 1599 ,
1285 1545 1331 1593 de
1342 1547 1540 1594 Phoroneo
1552 1583 1567 1607 ,
1587 1547 1815 1610 quiPrimtis
1829 1545 1952 1594 difa‘us
1968 1550 2025 1596 ἑὲἶ
2047 1566 2060 1592 .-
2088 1545 2180 1594 hoc
2194 1545 2261 1594 est

261 1616 436 1680 primus
447 1615 700 1664 hominum.
740 1617 1057 1680 Hieronymus
1077 1633 1088 1660 ε
1110 1615 1156 1662 de
1173 1616 1392 1676 Phoroneo,
1414 1633 1477 1680 qut
1492 1620 1640 1681 primus
1664 1616 1884 1664 hocnomine
1898 1621 2096 1681 apenatus.
2132 1615 2262 1681 quafi

260 1682 626 1751 intelligendum
642 1683 711 1746 sit,
730 1702 875 1749 quum
893 1683 1028 1732 multi
1042 1682 1271 1733 Phoronei
1282 1683 1471 1744 fuerint,
1486 1686 1609 1734 hunc
1624 1686 1825 1750 primum
1838 1685 1927 1733 hoc
1941 1687 2128 1732 nomine
2144 1700 2261 1732 nun-

260 1766 490 1818 cupatum
510 1752 657 1805 fuisse.
682 1757 841 1821 ,Atqui
864 1752 1167 1822 Mythologis
1192 1753 1466 1803 Phoroneus
1487 1755 1553 1804 est
1573 1757 1739 1824 primus
1762 1754 2028 1815 hominum,
2052 1771 2149 1802 non
2170 1753 2261 1818 pri-

259 1838 359 1868 mus
373 1821 742 1874 Phoroneorum.
782 1815 889 1881 Διδς
899 1823 1183 1892 Ξενί8,]ονὶε
1194 1822 1459 1891 Hospitalis
1481 1826 1774 1894 Hieronymo
1785 1827 1901 1873 Iovis
1913 1826 2114 1890 peregrini.
2136 1824 2264 1871 Nam

259 1899 308 1945 &
319 1897 395 1943 hic
405 1915 604 1963 quoque
627 1903 673 1946 in
690 1900 877 1948 historia
891 1914 1111 1966 peccatur
1129 1939 1143 1961 ‚
1166 1918 1311 1964 quum
1323 1902 1505 1950 constet
1517 1902 1599 1951 tali
1613 1903 1887 1969 cognomine
1903 1900 2071 1966 Jovem
2085 1898 2264 1946 cultum

256 1972 405 2023 fuisse.
455 1975 531 2021 Sic
552 1967 662 2018 Διός
685 1971 917 2030 Επιφυννὲς
938 1975 1082 2013 vertit
1102 1977 1212 2014 lom
1235 1976 1383 2030 Optimi
1409 1971 1598 2016 Maximi.
1643 1970 1719 2016 Ex
1741 1971 1918 2019 Graecis
1939 1972 2124 2021 Eusebii
2146 1970 2265 2019 male

260 2043 502 2103 conceptis
518 2038 765 2086 secundam
776 2035 1011 2098 quandam
1024 2036 1144 2096 AEgy
1153 2046 1285 2093 ptum
1297 2035 1575 2096 imaginatus
1586 2034 1650 2081 est
1662 2071 1678 2092 ,
1697 2052 1844 2099 quum
1857 2048 2011 2084 tamen
2029 2039 2088 2085 de
2099 2037 2263 2086 secun-

260 2110 323 2156 do
346 2109 401 2154 Io
423 2108 472 2153 in
495 2106 704 2168 AEgypto
724 2102 906 2148 mentio
931 2099 1085 2165 fieret.
1133 2100 1208 2146 Ex
1233 2099 1301 2145 his
1325 2099 1477 2147 verbis
1498 2103 1775 2166 Hieronymi
1796 2120 1878 2150 nos
1902 2108 2165 2169 putavimus
2177 2107 2262 2155 ali-

262 2181 452 2249 quando
465 2177 669 2243 intelligi
683 2194 782 2224 eam
796 2189 974 2240 partem
986 2175 1200 2242 AEgypti,
1219 2192 1358 2242 quam
1372 2178 1526 2226 Graeci
1539 2167 2126 2243 vhdxoercoxalngocant
2142 2219 2158 2242 ‚
2183 2200 2260 2232 an·

262 2265 452 2316 tequam
465 2250 624 2295 Graeca
640 2244 823 2294 Eusebii
846 2244 1230 2293 uancisceremur.
1274 2245 1320 2291 in
1333 2262 1434 2312 quae
1453 2246 1484 2294 si
1496 2249 1597 2314 quis
1610 2249 1874 2298 Criticaster
1888 2250 2118 2300 incidiffet
2129 2288 2143 2313 ,
2164 2269 2263 2301 non

265 2322 624 2384 Hieronymum,
638 2316 715 2382 qui
729 2314 876 2362 ansam
890 2314 1072 2362 errandi
1085 2313 1221 2383 nobis
1234 2314 1519 2379 praebuisset,
1541 2316 1619 2365 sed
1634 2336 1745 2378 nos,
1766 2321 1847 2383 qui
1861 2337 1922 2367 eo
1937 2318 2058 2368 duce
2068 2320 2258 2369 erravis-

265 2389 439 2447 semuS,
463 2383 842 2453 repraehendiffet.
880 2386 953 2431 Ex
973 2383 1136 2433 eadem
1157 2387 1462 2449 properantia
1483 2387 1755 2453 Dionysum
1778 2389 2084 2438 Deucalionis
2112 2388 2261 2440 filium

265 2456 404 2519 facit,
427 2457 506 2522 qui
521 2457 613 2504 hoc
627 2468 757 2521 patre
773 2454 899 2502 omni
914 2452 1311 2521 Mythologorum
1323 2455 1574 2521 priscorum
1597 2458 1777 2506 nationi
1799 2458 1985 2526 ignotus
1998 2458 2074 2507 ess.
2112 2457 2260 2513 Πυθὼ

267 2535 447 2601 semper
462 2534 682 2599 Pythium
694 2524 860 2592 vertit,
881 2549 1023 2598 quum
1049 2531 1189 2598 longe
1214 2530 1390 2581 diversa
1418 2534 1531 2597 sint,
1555 2526 1723 2585 Πύθιον
1745 2535 1938 2602 quidem
1958 2535 2259 2585 Macedoniae

265 2611 497 2677 oppidum
513 2649 526 2672 ‚
547 2601 694 2655 Haisa}
717 2607 919 2672 Δελφῶν
939 2599 1229 2670 μητξόπολις.
1269 2609 1374 2656 Hoc
1390 2610 1493 2661 sane
1505 2614 1666 2678 potius
1678 2611 1992 2676 Geographiae
2006 2613 2159 2676 perito
2172 2614 2258 2660 im-

267 2701 463 2751 poneret
478 2725 491 2748 ,
515 2705 652 2753 quam
675 2677 1060 2751 α’·γεωγρριφῆτῳ.
1097 2685 1199 2752 Jam
1218 2671 1516 2747 ’ἓβαστλειᾷν
1536 2716 1549 2741 ,
1572 2684 1705 2749 quod
1730 2684 1793 2732 est
1818 2702 2006 2751 regnum
2027 2683 2255 2750 affectare,

268 2773 411 2821 quum
426 2756 517 2820 ipse
538 2758 723 2804 verterit
737 2761 884 2823 regiam
896 2757 1056 2803 indolem
1066 2757 1231 2816 habere,
1254 2771 1348 2801 non
1370 2770 1558 2818 parvum
1580 2766 1870 2802 momentum
1894 2753 2051 2802 attulit
2062 2754 2256 2805 historiae

268 2823 624 2888 interpolandae,
640 2843 738 2889 quae
754 2840 852 2873 tota
863 2825 939 2873 illa
957 2826 1185 2889 pericope
1201 2823 1483 2888 continetur.
1526 2822 1674 2878 Quod
1688 2837 1842 2871 autem
1855 2824 2153 2893 Ι-Ῑϋικλριῶὤγ
2167 2821 2254 2878 καί.

272 2894 427 2954 eaeor,
438 2901 739 2950 Heraclidarum
750 2901 1077 2968 descenfiaem‚non
1091 2897 1244 2948 auteni
1255 2897 1612 2947 Heraclidarum
1625 2898 1938 2957 reditfi,toties
1953 2900 2140 2966 totiesq3
2153 2919 2254 2950 ver-

271 2971 342 3030 tit,
357 2972 673 3036 cognitionem
689 2970 884 3019 historiae
901 2971 1078 3031 obruit,
1090 2985 1190 3035 quae
1202 2967 1474 3016 Heraclidas
1488 2967 1809 3034 Peloponneso
1821 2970 1862 3015 vi
1880 2968 2253 3033 dejec‘k05‚armo-

273 3060 374 3093 rum
389 3047 553 3092 virtute
569 3046 764 3094 reditum
779 3065 836 3095 eo
856 3046 938 3094 fibi
961 3045 1189 3111 peperisse
1206 3044 1363 3093 docet.
1403 3035 1718 3107 Πολέμουρχον
1734 3043 1886 3094 reddit
1900 3043 2250 3108 homitzernfh'tetn,

272 3138 413 3185 quum
429 3120 478 3168 sit
490 3138 659 3168 nomen
672 3123 951 3187 magistratus
965 3125 1005 3169 A
1016 3122 1181 3183 thenis,
1195 3123 1274 3188 qui
1286 3120 1462 3170 Thebis
1474 3112 1759 3186 Botcffiiqxne‘
1769 3120 2031 3169 dicebatur.
2074 3123 2114 3168 Is
2136 3120 2249 3169 belli

273 3202 488 3251 tempore
503 3191 727 3237 exercitui
742 3207 844 3239 cum
860 3193 1052 3257 imperio
1068 3205 1273 3258 praeerat.
1311 3191 1478 3240 Similis
1490 3192 1769 3255 antiquitatis
1780 3189 2041 3239 obscuratio
2062 3187 2248 3243 Φαινῖπ·

275 3278 340 3309 718
355 3255 580 3327 οἴςχονἾΘ
593 3299 606 3320 ,
631 3279 810 3331 regnante
829 3268 1003 3316 Athenis
1015 3268 1228 3331 Phaenippo.
1272 3267 1327 3314 Id
1340 3281 1455 3325 erat,
1473 3266 1724 3331 Phaenippo
1738 3264 1940 3314 Athenis
1956 3269 2150 3313 Praetore
2162 3268 2248 3326 ,ut

273 3333 351 3380 vel
367 3335 495 3397 pueri
508 3335 668 3381 sciunt.
706 3337 829 3382 Nam
841 3349 947 3382 tunc
962 3336 1155 3384 Athenis
1168 3335 1279 3383 nihil
1296 3335 1520 3401 odiofiu3‚
1540 3352 1675 3400 quam
1689 3351 1878 3401 regnum
1892 3372 1905 3396 ‚
1932 3346 2009 3381 aut
2036 3351 2242 3401 regnare.

275 3393 545 3471 ὅςρρικισμδν
569 3411 746 3473 putavit
769 3409 856 3457 effe
878 3413 1029 3461 nescio
1051 3412 1180 3478 quod
1206 3429 1351 3476 poenae
1365 3429 1502 3481 genus
1517 3410 1894 3478 ignominiosum,
1917 3410 2044 3475 quod
2059 3409 2243 3458 testula-

272 3496 373 3525 rum
397 3477 612 3544 suffragiis
637 3480 928 3544 irrogaretur.
966 3483 1150 3547 Atquin
1170 3481 1431 3532 ostracismo
1447 3480 1738 3547 pellebantur
1755 3479 1845 3528 fine
1859 3478 1951 3525 ulla
1974 3480 2242 3545 ignominia,

275 3567 351 3601 aut
364 3558 490 3614 nota,
505 3568 679 3602 tantum
697 3554 952 3603 minuendae
966 3558 1111 3605 nimiae
1122 3561 1364 3624 potentiae,
1379 3573 1457 3609 aut
1469 3560 1624 3626 gratiae
1635 3544 1891 3624 popularis}
1920 3543 2102 3608 Ιὲηωάκν
2127 3571 2239 3602 nun-

2103 3640 2239 3688 quam
