2912 4368
117 487 157 522 >,‘3

734 360 1580 428 CH⁰RONICO³N.

231 466 280 509 ad
292 463 295 466 ’
306 464 542 506 Nestorium
565 460 1054 514 Constantinopolitanum
1077 458 1130 499 de

230 521 449 576 Eutychete
462 518 677 560 Hebionita
696 517 879 558 haeretico
891 546 902 565 ‚
931 520 973 557 δε.
988 515 1132 555 Leonis

224 577 464 632 vepiscopiad
477 576 646 615 eundem
657 571 860 626 responsa:
881 586 968 626 quae
990 584 1133 632 cum-a-

228 636 373 676 liorum
393 630 668 686 episcoporum
685 632 724 669 ὅτ
736 628 874 683 gestis,
899 631 937 667 &
959 626 1109 679 scriptis
1119 654 1132 674 ‚

228 705 299 745 per
310 687 487 729 ecclesias
499 687 729 738 diriguntur.
920 737 927 743 ·

230 758 280 799 27
312 740 566 785 Theodotius
586 739 806 792 Imperator
827 749 994 783 moritur
1015 737 1131 776 Con-

230 796 729 853 stantinopoliannoaetatis
750 791 823 833 suae
836 792 1134 847 quadragesimo

231 858 387 898 oetavo.

287 910 379 952 Post
391 919 509 962 quem
531 919 652 946 xL111.
667 905 793 946 statim
814 906 923 959 apud
937 903 1134 945 Constan-

230 962 443 1017 tinopolim
457 961 683 1002 Marcianus
694 962 715 1001 a
728 963 914 1002 militibus
927 990 938 1009 ‚
959 960 1054 1001 &ab
1067 972 1135 999 ex-

228 1021 405 1068 ercitu,in
412 1019 532 1058 stante
543 1019 658 1057 etiam
670 1016 1027 1058 sororeTheodofii
1040 1014 1136 1057 Pul-

229 1077 357 1118 cheria
371 1074 506 1127 regina
521 1102 533 1120 ,
553 1072 721 1114 efficitur
733 1073 964 1131 Imperator.
990 1073 1083 1122 Qa
1093 1069 1137 1132 si·

228 1134 268 1174 bi
280 1134 319 1173 in
332 1131 562 1183 conjugium
577 1129 800 1183 adsumpta,
824 1139 960 1182 regnat
970 1128 1008 1167 in
1020 1136 1138 1181 patti-

229 1190 302 1229 bus
314 1187 502 1228 Orientis.

233 1246 281 1285 28
315 1242 589 1283 Valentiniani
610 1239 861 1294 Imperatoris
877 1249 997 1280 mater
1016 1236 1141 1277 Placi-

231 1302 296 1342 dia
311 1300 476 1339 moritur
485 1297 592 1350 apud
607 1297 792 1337 Romam.
1103 1347 1110 1353 ι

285 1356 330 1395 In
342 1353 526 1402 Gallaecia
536 1362 778 1392 terraemotus
797 1349 932 1390 affidui
943 1378 956 1398 ,
984 1347 1139 1401 signam

175 1423 182 1432 ’
231 1412 332 1454 caelo
343 1409 508 1463 plurima
520 1408 791 1447 ostenduntur.
805 1405 916 1445 Nam
927 1406 1054 1459 pridie
1067 1417 1140 1443 no-

233 1480 298 1508 nas
313 1461 456 1518 Aprilis
465 1464 578 1502 tertia
591 1461 687 1502 feria
697 1490 710 1510 ‚
725 1460 814 1514 post
826 1460 928 1501 Solis
941 1457 1139 1504 occasum,

232 1523 280 1563 ab
313 1519 525 1573 Aquilonis
558 1518 669 1571 plaga
700 1516 839 1556 caelum
870 1517 1012 1558 rubens
1041 1514 1139 1555 ficut

188 1572 196 1604 2
231 1578 351 1631 ignis,
363 1586 429 1614 aut
440 1573 591 1627 sanguis
605 1602 616 1620 ,
627 1571 810 1620 efficitur,
821 1573 1058 1613 intermixtis
1068 1584 1139 1624 per

230 1636 390 1688 igneum
412 1630 594 1670 ruborem
613 1629 725 1669 lineis
739 1628 972 1669 clarioribus
990 1630 1030 1669 in
1053 1628 1137 1680 spe-

230 1691 332 1730 ciem
353 1686 544 1727 hastarum
573 1685 818 1725 rutilantium
848 1683 1090 1725 deformatis.
1113 1683 1136 1723 ὲ

231 1745 298 1785 die
310 1741 442 1783 clauso
455 1740 578 1795 usque
599 1742 640 1780 in
655 1740 791 1791 horam
812 1741 939 1781 noetis
959 1739 1040 1780 fere
1059 1751 1136 1780 ter-

231 1801 325 1841 tiam
338 1798 433 1852 signi
445 1798 560 1837 durat
572 1791 740 1836 ostenfio
753 1821 766 1841 ,
776 1809 864 1849 quae
876 1810 971 1837 mox
982 1795 1137 1850 ingenti

230 1856 339 1896 exitu
352 1854 604 1907 perdocetur.

286 1910 397 1949 Gens
408 1909 649 1948 Hunnorum
659 1921 755 1961 pace
765 1917 879 1960 rupta
891 1905 1138 1961 depraedatur

231 1965 456 2019 provincias
467 1964 501 2004 G
509 1963 692 2004 alliarum.
707 1963 883 2014 plurimae
893 1964 1072 2002 civitates
1082 1962 1139 2002 ef-

232 2020 371 2061 fraehz:
383 2021 422 2058 in
435 2019 582 2070 campis
592 2018 860 2072 Catalaunicis
872 2046 883 2064 ‚
902 2017 1010 2057 haud
1021 2017 1140 2071 longe

235 2076 287 2116 de
297 2075 456 2114 civitate
466 2101 478 2120 ‚
489 2086 605 2126 quam
617 2072 850 2125 effregerant
861 2101 874 2119 ,
888 2072 1048 2120 Mettis,
1062 2075 1140 2114 ΑΕ-

235 2132 295 2172 tio
305 2130 397 2171 duci
410 2159 420 2176 ,
447 2132 485 2168 ὅ(
499 2129 582 2181 regi
601 2128 837 2175 Theodori,
857 2128 1000 2182 quibus
1009 2140 1088 2169 erat
1100 2129 1139 2169 in

235 2200 334 2241 pace
345 2185 521 2231 societas,
532 2194 669 2237 aperto
681 2184 812 2224 Marte
826 2183 1045 2237 confligens
1055 2213 1068 2233 ‚
1077 2184 1139 2225 di-

235 2243 333 2282 vino
353 2238 445 2280 caesa
464 2240 662 2291 superatur
683 2239 856 2279 auxilio:
890 2239 1032 2280 bellurn
1056 2253 1138 2280 nox

234 2295 466 2349 intempesta
485 2295 642 2334 diremit
684 2294 774 2334 Rex
795 2295 877 2333 illic
896 2293 1140 2335 Theodores

237 2351 449 2407 prostratus
461 2349 666 2390 occubuit:
680 2363 781 2390 ccc.
802 2347 923 2389 ferm'e
936 2350 1056 2392 millia
1066 2350 1138 2391 ho-

239 2408 388 2448 minurn
399 2407 440 2448 'm
451 2420 499 2445 eo
509 2406 718 2446 certamine
728 2405 911 2446 cecidisse
922 2419 1140 2448 memoran-

240 2474 316 2504 tut.

298 2516 429 2557 Multa
452 2530 554 2556 anno
583 2515 689 2570 signa
712 2515 949 2570 procedunt.
1029 2518 1142 2559 uinto

243 2572 386 2613 Kalen.
409 2571 596 2612 Octobris
606 2573 625 2612 a
644 2584 752 2626 parte
764 2573 943 2614 Orientis
954 2573 1066 2614 Luna
1079 2572 1141 2616 fu-

239 2628 421 2669 scatur.1n
434 2627 572 2668 diebus
584 2627 777 2681 sequentis
788 2628 940 2682 pascha:
951 2630 1027 2669 visa
1040 2643 1144 2683 quae-

237 2685 326 2724 dam
340 2684 378 2722 in
390 2683 486 2722 caelo
496 2684 721 2735 regionibus
732 2684 964 2732 Galliarum,
975 2686 1141 2738 epistola

235 2740 288 2779 de
306 2739 362 2778 his
385 2736 564 2778 Eufronii
582 2738 948 2792 Augustodunensis
964 2739 1141 2794 episcopi

237 2795 288 2834 ad
311 2795 571 2847 Agrippinum
600 2795 803 2834 Comitem
823 2794 923 2834 facta
940 2795 1141 2836 evidenter

210 2862 218 2865 “
238 2849 421 2890 ostendit.
458 2849 576 2889 Stella
598 2861 770 2889 cometes
789 2850 982 2890 adecimo
1001 2862 1139 2904 quarto

238 2904 330 2945 Kal.
343 2904 462 2958 Julias
476 2918 662 2957 apparere
673 2905 816 2958 incipit
825 2933 836 2954 ,
857 2919 946 2957 quae
964 2920 976 2944 1
985 2920 1032 2945 11.
1051 2905 1138 2954 Kal,

239 2960 421 3000 diluculo
433 2960 479 2999 ab
489 2961 658 3000 Oriente
670 2959 749 2999 visa
763 2988 773 3007 ,
784 2960 871 3014 post
882 2960 1061 3000 occasum
1073 2961 1143 3001 So-

239 3014 286 3054 lis
297 3015 344 3053 ab
355 3015 525 3054 occidua
544 3027 653 3068 parte
673 3029 766 3055 mox
787 3017 971 3057 cernitur.
992 3015 1139 3056 Kalen-

240 3069 301 3109 dis
312 3068 476 3122 Augusti
488 3070 507 3108 a
518 3082 626 3121 parte
637 3071 873 3112 Occidentis
882 3082 1052 3125 apparet.

294 3123 444 3164 Occiso
458 3122 675 3164 Theodore
694 3125 910 3167 Thorismo
935 3125 1038 3167 filius
1056 3129 1138 3180 ejus

242 3179 417 3220 succedit
431 3179 468 3218 in
481 3192 614 3230 regno.

299 3235 440 3275 Hunni
454 3247 544 3274 cum
554 3247 645 3286 rege
656 3234 848 3275 squttila
859 3236 1140 3277 reliffisGalliis

243 3289 332 3343 post
341 3301 537 3330 certamen
550 3289 702 3330 Italiam
716 3301 871 3343 petunt.

248 3359 296 3397 ιε)
321 3345 504 3386 Secundo
516 3346 625 3397 regni
637 3358 741 3384 anno
754 3344 1140 3397 principisMarciani

245 3401 471 3454 Hunni2qui
486 3401 633 3440 Italiam
644 3401 1139 3454 praedabantur,aliquantis

244 3457 360 3496 etiam
373 3456 756 3508 civitatibusirruptis
767 3485 777 3503 ,
800 3458 990 3497 divinitus
1001 3459 1140 3510 partim

245 3512 344 3552 fame
357 3512 493 3563 partim
506 3512 648 3551 morbo
656 3512 831 3564 quodam
841 3513 965 3566 plagis
977 3512 1134 3553 caelesti-

246 3569 317 3607 bus
335 3564 531 3605 feruntur:
555 3566 667 3607 miffis
681 3568 798 3607 etiam
816 3581 884 3621 per
896 3569 1141 3608 Marcianum

247 3622 584 3675 principemAt'itio
594 3622 904 3664 ducecaeduntur
913 3624 1140 3678 auxilii83pa-

251 3678 418 3731 riterque
430 3678 469 3717 in
480 3677 633 3719 sedibus
644 3677 770 3728 suis,&
781 3678 993 3721 caelestibus
1005 3680 1141 3734 plagis,

2035 406 2054 432 2
2064 405 2084 444 5

1174 464 1212 500 &
1231 473 1298 514 per
1311 460 1504 502 Marciani
1527 461 1759 516 subiguntur
1782 465 2012 506 exercitum.
2042 472 2082 507 δε

1174 517 1227 557 ita
1240 516 1406 566 subacti,
1426 516 1524 568 pace
1533 517 1633 558 faeta
1653 531 1738 557 cum
1754 518 1966 569 Romanis,
1989 536 2080 574 pro-

1176 574 1275 624 prias
1294 572 1475 614 universis
1495 584 1680 627 repetunt
1701 574 1805 615 sedes
1819 605 1829 621 ‚
1845 577 1894 615 ad
1907 590 2003 630 quas
2014 591 2082 618 rex

1174 642 1309 668 eorum
1322 630 1443 670 Attila
1455 644 1549 671 mox
1564 628 1734 670 reversus
1745 631 1904 672 interiit.

1230 685 1295 724 Ad
1305 685 1457 725 Suevos
1468 686 1696 727 Mansuetus
1709 686 1860 727 Comes
1873 686 2062 740 Hispania
2071 713 2084 722 -

1175 753 1260 779 rum
1270 767 1282 787 ‚
1297 744 1335 779 δ(
1348 741 1500 781 Fronto
1513 741 1687 782 {imiliter
1696 741 1861 789 Comes,
1876 743 1994 796 legati
2009 758 2083 796 pro

1177 809 1276 848 pace
1295 796 1529 845 mittuntur,
1559 802 1596 838 δε
1620 798 1805 838 obtinent
1829 799 2086 839 conditiones

1175 851 1380 903 injunEtas.
1615 899 1617 901 ¹

1232 906 1449 947 Thorismo
1469 921 1537 948 rex
1552 908 1779 949 Gothorum
1801 909 1945 964 spirans
1965 909 2087 952 hosti-

1177 964 1230 1003 lia
1256 963 1277 1001 a
1296 962 1562 1004 Theudorico
1589 968 1627 1002 &
1658 964 1689 1003 F
1693 966 1875 1006 rederico
1905 965 2088 1020 fratribus

1176 1017 1373 1070 jugulatur
1388 1033 1396 1058 :
1415 1019 1482 1058 cui
1492 1018 1774 1060 Theudoricus
1785 1022 1961 1063 succedit
1973 1022 2013 1062 in
2026 1035 2087 1062 re-

1177 1087 1275 1126 gno.

1182 1140 1234 1181 30
1266 1127 1412 1167 Tertio
1436 1128 1663 1181 regnianno
1684 1130 1874 1183 principis
1894 1131 2088 1174 Marciani
2103 1141 2278 1181 ficecctxx.

1183 1182 1319 1236 regina
1328 1182 1496 1223 moritur
1508 1183 1715 1224 Pulcheria
1727 1186 1986 1239 menseJulio.

1239 1237 1313 1277 Per
1331 1238 1588 1279 Fredericum
1615 1241 1870 1281 Theudorici
1898 1245 1998 1295 regis
2018 1244 2093 1284 fra-

1183 1293 1484 1334 tremBacaudae
1510 1295 2094 1340 Tarraconensescaedunturex

1183 1349 1419 1389 auctoritate
1433 1350 1629 1391 Romana.

1237 1405 1282 1445 In
1305 1405 1495 1447 Gallaecia
1518 1416 1784 1454 terraemotus,
1809 1412 1847 1448 &
1866 1410 1905 1450 in
1934 1410 2026 1451 Sole
2048 1412 2094 1452 fi-

1182 1462 1356 1516 gnumin
1378 1474 1468 1503 ortu
1481 1492 1493 1511 ,
1512 1462 1620 1517 quasi
1634 1465 1759 1505 altero
1778 1464 1911 1506 secum
1932 1481 2096 1508 concer-

1182 1528 1290 1558 tante
1306 1518 1553 1560 monstratur.

1235 1574 1374 1614 Aetius
1395 1574 1490 1614 Dux
1509 1605 1521 1622 ,
1554 1579 1592 1616 &
1614 1576 1803 1617 Patricius
1824 1575 2094 1620 fraudulenter

1178 1628 1381 1682 singularis
1389 1631 1537 1671 accitus
1546 1633 1644 1671 intra
1656 1632 1842 1685 palatium
1853 1646 1967 1673 manu
1980 1634 2097 1688 ipfius

1177 1685 1455 1726 Valentiniani
1496 1686 1744 1742 Imperatoris
1773 1689 1984 1730 occiditur.
2043 1690 2100 1733 Et

1179 1754 1269 1795 cum
1281 1740 1367 1794 ipso
1389 1755 1459 1794 per
1469 1742 1677 1794 spatarium
1691 1757 1772 1795 ejus
1795 1744 1921 1798 aliqui
1933 1744 2097 1801 fingula-

1179 1797 1484 1837 riterinttornissi
1494 1798 1726 1851 jugulantur
1740 1799 1937 1841 honorati.

1237 1852 1314 1892 His
1333 1852 1450 1906 gestis
1469 1853 1621 1906 legatos
1642 1853 1946 1897 Valentinianus
1976 1858 2099 1899 mittit

1180 1906 1230 1947 ad
1241 1919 1381 1960 gentes
1391 1936 1404 1957 ,
1415 1923 1466 1949 ex
1478 1910 1621 1962 quibus
1631 1910 1681 1950 ad
1692 1910 1843 1952 Suevos
1856 1914 1966 1953 venit
1975 1914 2096 1967 Justi-

1180 1977 1332 2004 manus.

1183 2031 1231 2072 31
1290 2019 1446 2072 Qarto
1461 2021 1573 2073 regni
1593 2034 1700 2060 anno
1712 2023 1902 2076 principis
1923 2024 2096 2065 Marcia-

1181 2074 1242 2119 ni,
1263 2087 1334 2126 per
1345 2074 1450 2116 duos
1468 2075 1648 2116 barbaros
1669 2075 1993 2119 Ae'tiifamiliares
2017 2080 2097 2121 Va-

1181 2128 1419 2170 lentinianus
1438 2129 1580 2171 Roma:
1600 2131 1819 2185 Imperator
1842 2135 2042 2175 occiditur
2055 2137 2096 2175 in

1180 2198 1345 2238 campo,
1364 2186 1541 2227 exercitu
1551 2187 1832 2235 circunstanre‚
1853 2203 1959 2230 anno
1976 2194 2098 2232 :etatis

1180 2239 1255 2280 suae
1274 2254 1408 2282 xxxvi.
1433 2245 1472 2282 δε
1488 2243 1603 2296 regni
1621 2258 1732 2283 xxxr.
1754 2244 1849 2284 Post
1869 2259 1989 2298 quem
2002 2261 2098 2287 mox

1180 2295 1390 2336 Maximus*
1404 2311 1454 2337 ex
1475 2297 1698 2342 consulibus
1716 2313 1838 2339 xmu.
1868 2300 2098 2342 RomaeAu-

1180 2350 1315 2405 gustus
1327 2352 1634 2407 appellatur.qui
1646 2356 1735 2395 cum
1746 2354 1962 2408 Imperator
1975 2355 2098 2397 factus

1182 2406 1355 2447 relictam
1367 2408 1636 2449 Valentiniani
1654 2408 1722 2449 fibi
1734 2410 1902 2451 duxisset
1914 2426 2076 2452 uxorem
2086 2439 2099 2461 ,

1185 2466 1224 2503 &
1250 2461 1333 2502 filio
1353 2461 1423 2503 suo
1451 2478 1501 2504 ex
1529 2465 1660 2517 priore
1688 2468 1861 2519 conjuge
1893 2466 2099 2515 Palladio,

1184 2531 1304 2572 quem
1316 2519 1506 2560 Caesarem
1517 2520 1663 2561 fecerat
1674 2551 1684 2568 ,
1694 2521 1967 2563 Valentiniani
1979 2523 2099 2563 filiam

1185 2575 1225 2614 in
1238 2576 1471 2628 conjugium
1491 2577 1737 2628 tradidisset,
1759 2591 1988 2632 magnorum
2013 2593 2100 2619 mo-

1186 2641 1299 2670 tuum
1312 2659 1324 2678 ‚
1344 2644 1447 2684 quos
1465 2633 1691 2679 verebatur,
1712 2635 2006 2686 perturbatione
2020 2636 2100 2675 dis-

1185 2696 1334 2732 tortuS,
1357 2690 1396 2726 ὅτ
1418 2687 1511 2740 quia
1524 2688 1562 2727 in
1583 2688 1806 2729 occisorum
1819 2704 1889 2741 pet
1910 2691 2095 2732 Valenti-

1182 2741 1298 2780 nianu
1307 2745 1400 2789 m,&
1412 2743 1451 2782 in
1465 2742 1582 2795 ipsius
1593 2745 1795 2784 interitum
1810 2745 2098 2792 Valentiniani,

1181 2796 1328 2836 ambitu
1340 2799 1448 2850 regni
1458 2797 1617 2838 consilia
1627 2798 1783 2839 scelesta
1794 2812 1943 2852 patrata
1954 2814 2098 2840 contu-

1182 2851 1276 2890 lerat
1287 2879 1298 2898 ,
1310 2854 1399 2892 curn
1410 2853 1616 2906 imperium
1629 2855 1799 2894 deserere
1811 2855 1949 2900 vellet,
1962 2860 1998 2895 &
2013 2856 2097 2895 Ro·
2154 2858 2161 2870 “

1181 2920 1300 2952 mam,
1312 2907 1380 2946 vix
1391 2920 1559 2960 quatuor
1568 2911 1676 2961 regni
1689 2909 1743 2948 sui
1757 2908 1947 2950 mensibus
1958 2912 2098 2963 exple-

1181 2962 1295 3007 tis,·in
1310 2962 1389 3014 ipsa
1400 2963 1492 3003 urbe
1504 2965 1676 3006 tumultu
1688 2964 1842 3017 populi,
1855 2970 1892 3005 Sc
1902 2965 2096 3007 seditione

1182 3018 1380 3057 occiditur
1391 3017 1560 3058 militari.
1979 3054 1982 3060 ,

1221 3072 1325 3126 ·1pso
1345 3087 1454 3113 anno
1468 3075 1506 3113 in
1525 3073 1661 3114 Galliis
1683 3075 1820 3114 Avitus
1838 3074 1977 3116 Gallus
1999 3077 2097 3118 civis

1176 3128 1224 3168 ab
1235 3130 1408 3169 exercitu
1419 3129 1628 3169 Gallicano
1640 3159 1650 3176 ‚
1666 3134 1704 3169 δε
1718 3130 1764 3169 ab
1779 3130 1977 3172 honoratis
1989 3161 1999 3179 ‚
2012 3134 2096 3185 pri-

1176 3183 1475 3231 mumTolosae,
1509 3185 1771 3239 deliincapud
1790 3186 1991 3227 Arelatum
2012 3191 2093 3227 Au-

1180 3239 1314 3291 gustus
1324 3240 1560 3294 appellatus,
1581 3240 1752 3281 Romam
1767 3242 1918 3296 pergit,
1929 3246 1966 3284 &
1977 3243 2093 3284 susci-

1212 3305 1300 3334 itur.

1182 3307 1208 3346 p
1238 3349 1374 3402 Usque
1386 3350 1435 3390 ad
1455 3349 1776 3391 Valentinianum
1795 3351 2096 3408 Theodosiige-
2152 3358 2155 3361 ’

1182 3416 1334 3444 neratio
1348 3417 1474 3445 tenuit
1487 3417 1763 3459 principatum.

1187 3473 1202 3498 1
1245 3459 1486 3500 ROMANo
1504 3475 1613 3501 RUM
1655 3477 1740 3502 xri
1757 3477 1805 3502 ιι.
1865 3464 2094 3505 Marcianus

1183 3528 1326 3568 quarto
1347 3518 1425 3570 jam
1448 3518 1559 3570 regni
1576 3516 1745 3558 suianno
1764 3518 1919 3560 obtinet
1940 3534 2094 3559 monar-

1183 3570 1321 3611 chiam.
2053 3620 2055 3622 ,

1236 3626 1308 3667 Per
1321 3628 1497 3673 Avitum,
1508 3629 1577 3681 qui
1587 3628 1607 3668 a
1620 3628 1813 3670 Romanis
1823 3661 1834 3677 ,
1848 3635 1886 3671 8<
1901 3627 2091 3670 evocatus

1181 3684 1221 3722 &
1243 3681 1438 3737 susceptus
1468 3683 1593 3727 fuerat
1614 3685 1831 3740 Imperator
1850 3714 1863 3733 ,
1902 3686 2019 3739 legati
2043 3686 2092 3724 ad

1317 3746 1325 3755 ’
1980 3741 2088 3780 Mar·³
