2366 4040
0 1230 84 1252 LYMP.

0 1270 90 1292 CVIII.

628 219 1468 287 CH’Ro-NICO'N.

133 327 440 374 ad'Nestorium
463 319 946 373 Constantinopolitanum
968 315 1022 355 de

133 385 349 440 Eutychete
362 380 574 421 Hebionita
592 376 773 417 haeretico
785 404 796 423 ,
824 378 866 415 &
881 372 1024 412 Leonis

132 439 364 496 episcopiad
377 436 543 477 eundem
554 430 730 486 responsa
746 446 754 470 :
775 443 862 483 quae
883 440 1025 488 cum-a-

132 500 275 540 liorum
294 494 565 547 episcoporum
582 491 620 528 ὃς
632 487 769 542 gestis,
793 489 831 524 δε
853 483 1002 535 scriptis
1012 510 1024 529 ‚

133 567 202 608 per
213 549 388 592 ecclesias
399 547 626 598 diriguntur.
815 594 822 600 ·

134 621 184 661 27
215 601 465 647 Theodotius
485 599 702 651 Imperator
722 605 889 640 moritur
909 593 1024 632 Con-

135 658 387 713 stantinopoli
395 668 497 696 anno
506 654 627 694 aetatis
647 649 719 690 suae
731 647 1028 704 quadragesimo

137 719 290 759 oslavo.

192 770 282 813 Post
293 779 409 822 quem
431 778 550 805 xmi1.
565 763 690 803 statim
711 762 819 815 apud
834 758 1029 801 Constan-

136 823 344 877 tinopolim
359 821 582 860 Marcianus
593 819 614 858 a
626 819 811 857 militibus
824 845 835 863 ‚
856 814 950 856 &ab
963 826 1030 852 ex-

134 880 308 927 ercitu,in
315 878 433 917 stante
444 877 558 915 etiam
571 870 924 914 sororeTheodofii
937 868 1032 910 Pul-

135 936 260 978 cheria
274 933 407 986 regina
423 960 435 978 ,
454 930 620 970 efficitur
633 929 862 985 Imperator.
887 927 979 976 Qa
989 923 1032 985 si-

135 994 174 1033 bi
185 993 223 1032 in
237 989 464 1040 conjugium
478 985 700 1038 adsumpta,
723 993 857 1037 regnat
868 983 905 1021 in
917 989 1034 1034 parti·

136 1049 207 1088 bus
219 1045 406 1086 Orientis.

140 1104 187 1143 28
220 1098 491 1140 Valentiniani
513 1093 760 1149 Imperatoris
775 1103 894 1133 mater
913 1088 1037 1130 Placi-

138 1160 203 1199 dia
217 1156 380 1195 moritur
389 1153 495 1206 apud
510 1152 692 1192 Romam.
1000 1199 1007 1205 .

193 1213 236 1252 In
249 1209 429 1258 Gallaecia
439 1216 679 1246 terraemotus
698 1203 854 1250 affidui,
882 1199 1035 1253 signam

139 1269 239 1310 caelo
250 1265 412 1319 plurima
424 1263 691 1302 ostenduntur.
706 1258 815 1298 Nam
826 1258 952 1312 pridie
965 1269 1036 1294 no-

141 1337 206 1364 nas
221 1316 361 1373 Aprilis
370 1319 481 1357 tertia
495 1315 589 1356 feria
600 1343 612 1362 ,
627 1313 714 1367 post
726 1313 828 1353 Solis
840 1308 1037 1355 occasum,

141 1379 187 1419 ab
221 1373 429 1428 Aquilonis
462 1372 572 1424 plaga
602 1369 740 1409 caelum
770 1369 910 1409 rubens
940 1365 1037 1406 ficut

140 1432 258 1486 ignis,
270 1441 335 1468 aut
346 1427 495 1480 sanguis
509 1455 520 1473 ‚
531 1424 712 1472 efficitur,
722 1423 957 1464 intermixtis
967 1434 1037 1474 per

139 1491 297 1542 igneum
319 1483 498 1524 ruborem
517 1481 628 1521 lineis
641 1479 872 1520 clarioribus
890 1481 929 1519 in
952 1478 1035 1530 spe-

139 1545 240 1583 ciem
261 1540 449 1580 hastarum
478 1537 720 1576 rutilantium
749 1534 989 1575 deformatis.
1013 1533 1035 1572 ὲ

141 1598 206 1638 die
219 1594 348 1636 clauso
362 1592 483 1647 usque
504 1594 543 1632 in
559 1592 694 1631 horam
715 1591 841 1631 noetis
861 1589 940 1629 fere
959 1601 1035 1629 ter·

142 1654 234 1694 tiam
246 1651 340 1704 signi
352 1650 465 1688 durat
477 1641 644 1687 ostensio
657 1671 669 1691 ,
679 1660 766 1699 quae
778 1660 871 1686 mox
884 1644 1037 1699 ingenti

141 1709 247 1749 exitu
261 1705 510 1759 perdocetur.

196 1762 306 1801 Gens
317 1760 554 1799 Hunnorum
565 1771 658 1811 pace
669 1766 782 1809 rupta
794 1753 1039 1808 depraedatur

143 1817 364 1870 provincias
374 1813 598 1854 Galliarum.
612 1812 786 1863 plurimae
796 1812 974 1849 civitates
983 1809 1039 1849 ef—

144 1871 281 1911 frattae:
293 1871 331 1908 in
344 1869 489 1919 campis
499 1867 764 1919 Catalaunicis
777 1894 787 1911 ,
806 1865 913 1904 haud
924 1864 1042 1917 longe

147 1927 198 1966 de
209 1925 365 1963 civitate
376 1951 387 1969 ,
398 1934 513 1974 quam
525 1920 754 1972 effregerant
766 1948 778 1966 ‚
793 1919 950 1965 Mettis,
965 1921 1042 1959 Ae'-

148 1982 207 2021 tio
217 1979 307 2020 duci
321 2008 331 2024 ‚
357 1981 394 2016 ὅ(
409 1977 490 2029 regi
509 1975 719 2017 Theodori
732 2003 743 2021 ‚
762 1975 903 2028 quibus
913 1974 1042 2014 eratin

148 2049 245 2090 pace
257 2034 430 2078 societas,
442 2042 576 2083 aperto
589 2031 718 2070 Marte
732 2029 947 2082 confligens
959 2029 1042 2078 ,di-

149 2091 245 2130 vino
264 2086 356 2127 caesa
375 2087 570 2138 superatur
591 2085 761 2125 auxilio:
796 2085 937 2124 bellum
960 2098 1041 2124 nox

148 2142 376 2196 intempesta
395 2142 550 2181 diremit
593 2140 680 2180 Rex
702 2140 782 2179 illic
801 2138 1043 2179 Theodores

150 2199 360 2254 prostratus
372 2195 574 2236 occubuit:
588 2209 688 2235 ccc.
709 2192 829 2234 ferme
842 2194 960 2249 millia
970 2194 1042 2235 ho-

153 2256 300 2295 minum
311 2254 351 2294 in
362 2266 409 2291 eo
419 2252 626 2291 certamine
636 2249 817 2290 cecidiffe
828 2263 1044 2291 memoran—

155 2321 229 2349 tur.

212 2361 341 2402 Multa
364 2374 464 2400 anno
493 2360 598 2413 signa
620 2359 855 2413 procedunt.
890 2361 1046 2414 Qinto

158 2417 299 2458 Kalen.
321 2416 506 2456 Octobris
516 2417 536 2455 a
553 2428 660 2469 parte
672 2416 849 2456 Orientis
860 2415 971 2456 Luna
983 2414 1045 2457 fu-

154 2472 333 2513 scaturit]
347 2471 482 2511 diebus
494 2471 686 2524 sequentis
696 2471 846 2524 paschae
857 2472 933 2511 visa
945 2485 1049 2524 quae-

152 2529 240 2568 dam
254 2528 291 2566 in
303 2527 398 2565 caelo
408 2527 630 2578 regionibus
641 2526 870 2573 Galliarum,
881 2527 1046 2579 epistola

151 2584 203 2622 de
220 2582 276 2621 his
298 2579 475 2621 Eufronii
494 2579 855 2634 Augustodunensis
871 2580 1046 2634 episcopi

153 2639 203 2677 ad
226 2638 482 2689 Agrippinum
512 2637 712 2675 Comitem
732 2635 831 2675 faeta
848 2636 1046 2676 evidenter

154 2692 335 2732 ostendit.
372 2691 487 2730 Stella
509 2702 680 2730 cometes
699 2691 889 2730 &decimo
908 2702 1046 2743 quarto

154 2746 375 2799 Kal.Julias
390 2746 746 2798 apparereincipit‚
767 2759 854 2796 qua:
873 2759 939 2784 111.
958 2744 1045 2792 Kal·

156 2801 336 2840 diluculo
348 2801 393 2839 ab
403 2801 570 2840 Oriente
582 2799 659 2838 visa
674 2827 684 2846 ‚
695 2799 781 2852 post
791 2798 969 2839 occasum
981 2799 1050 2839 So-

157 2855 203 2894 lis
213 2855 259 2893 ab
271 2856 438 2894 occidua
458 2867 565 2908 parte
585 2869 677 2894 mox
698 2856 880 2895 cernitur.
902 2853 1046 2894 Kalen·

158 2909 218 2948 dis
229 2908 390 2961 Augusti
402 2910 421 2946 a
432 2921 538 2960 parte
549 2910 783 2950 Occidentis
792 2920 961 2962 apparet.

211 2963 359 3002 Occiso
373 2961 588 3002 Theodore
607 2964 820 3004 Thorismo
845 2963 946 3004 filius
965 2966 1046 3017 ejus

161 3018 333 3058 succedit
347 3018 383 3056 in
397 3030 528 3067 regno.

217 3073 356 3113 Hunni
370 3085 458 3111 cum
469 3085 558 3121 rege
570 3071 760 3112 squttila
771 3072 1048 3113 reliffisGalliis

162 3127 249 3180 post
259 3138 452 3166 certamen
465 3127 615 3167 Italiam
630 3138 782 3179 petunt.

167 3196 214 3233 ιε)
239 3182 420 3222 Secundo
432 3183 539 3233 regni
552 3195 654 3219 anno
667 3180 1049 3233 principisMarciani

165 3237 548 3290 Hunni,qui1taliam
559 3236 1048 3288 praedabantur,aliquantis

163 3293 278 3331 etiam
291 3292 505 3331 civitatibus
516 3292 669 3343 irruptis
680 3319 690 3337 ,
714 3293 901 3331 divinitus
912 3293 1049 3343 partim

165 3347 263 3387 fame
275 3347 410 3398 partim
423 3347 562 3386 morbo
571 3347 744 3398 quodam
754 3347 876 3399 plagis
888 3346 1044 3386 caelesti-

166 3404 236 3442 bus
254 3400 447 3439 feruntur:
471 3401 581 3440 missis
595 3402 711 3440 etiam
729 3415 796 3454 per
808 3403 1050 3441 Marcianum

167 3456 500 3509 principcmAe'tio
510 3456 608 3495 duce
617 3457 816 3496 caeduntut
825 3457 1050 3510 auxiliis5pa-

172 3513 336 3564 riter-quc
349 3511 549 3552 insedibus
560 3511 684 3560 suis,&
695 3511 905 3553 caelestibus
916 3512 1051 3566 plagis,

1921 253 1970 291 25

1065 320 1102 356 &
1122 327 1189 369 pet
1201 313 1393 355 Marciani
1415 312 1646 367 subiguntur
1669 313 1898 353 exercitum.
1928 319 1968 354 Sc

1065 372 1118 412 ita
1132 369 1296 419 subaffi,
1316 381 1413 420 pace
1422 368 1522 409 faita
1541 381 1625 407 cum
1641 367 1853 416 Romanis,
1875 383 1967 421 pro-

1068 428 1167 479 prias
1185 424 1365 466 universis
1385 435 1568 479 repetunt
1589 424 1692 464 sedes
1706 453 1716 470 ,
1732 425 1781 464 ad
1795 438 1890 478 quas
1901 438 1969 464 rex

1066 495 1201 523 eorum
1213 482 1334 522 Attila
1346 495 1440 522 mox
1454 478 1622 521 reversus
1633 480 1792 520 interiit.

1122 538 1187 578 Ad
1197 538 1348 577 Suevos
1360 536 1586 577 Mansuetus
1598 535 1748 575 Comes
1761 534 1971 587 Hispania·

1068 607 1152 634 rum
1162 621 1175 640 ,
1189 597 1226 632 δε
1239 593 1392 634 Fronto
1405 591 1576 632 similiter
1586 590 1750 638 Comes,
1763 591 1882 644 legati
1896 604 1970 642 pro

1071 662 1168 702 pace
1187 649 1420 695 mittuntur,
1450 652 1487 688 &
1511 647 1694 687 obtinent
1718 647 1974 687 conditiones

1070 704 1272 756 injunfflis.
1507 748 1509 750 ,

1126 759 1341 799 Thorismo
1362 772 1429 798 rex
1444 757 1670 798 Gothorum
1692 757 1835 811 spirans
1854 756 1975 798 hosti-

1072 817 1124 856 lia
1151 816 1171 854 ὲ
1190 814 1454 854 Theudorico
1481 818 1519 852 &
1550 813 1766 853 Frederico
1795 812 1976 866 fratribus

1071 870 1267 923 jugulatur
1282 885 1289 909 :
1308 869 1375 909 cui
1385 868 1665 909 Theudoricus
1677 869 1851 910 succedit
1864 869 1903 909 in
1916 881 1977 907 re-

1073 939 1170 979 gno.

1077 993 1130 1033 30
1161 979 1306 1018 Tertio
1329 979 1555 1032 regnianno
1576 980 1765 1032 principis
1785 979 1979 1020 Marciani
1993 987 2167 1026 ficecctxx.

1078 1034 1213 1088 regina
1223 1033 1389 1073 moritur
1401 1034 1607 1073 Pulcheria
1619 1034 1876 1087 menseJulio.

1135 1088 1207 1128 Per
1226 1089 1480 1129 Fredericum
1508 1090 1762 1129 Theudorici
1789 1092 1889 1142 regis
1909 1090 1984 1130 fra-

1079 1155 1176 1185 trem
1186 1143 1378 1184 Bacaudae
1403 1144 1984 1187 Tarraconensescaedunturex

1079 1200 1314 1240 auetoritate
1327 1200 1522 1239 Romana.

1133 1256 1177 1295 In
1200 1255 1389 1296 Gallaecia
1412 1265 1677 1301 terraemotus,
1701 1260 1739 1296 ὅτ
1758 1257 1797 1296 in
1826 1256 1917 1297 Sole
1939 1258 1986 1298 fi-

1079 1312 1251 1366 gnumin
1273 1323 1362 1351 ortu
1375 1340 1388 1359 ‚
1407 1310 1514 1365 quasi
1527 1313 1652 1352 altero
1671 1311 1803 1352 secum
1824 1327 1987 1353 concer-

1079 1378 1187 1408 tante
1202 1367 1447 1407 monstratur.

1132 1424 1270 1463 Aetius
1291 1423 1385 1462 Dux
1404 1452 1416 1470 ‚
1449 1426 1487 1463 δε
1508 1422 1696 1463 Patricius
1717 1421 1986 1464 fraudulenter

1077 1478 1277 1531 singularis
1285 1479 1432 1519 accitus
1441 1480 1538 1518 intra
1550 1478 1735 1531 palatium
1746 1491 1860 1518 manu
1873 1478 1989 1533 ipsius

1075 1533 1351 1574 Valentiniani
1391 1533 1637 1588 Imperatoris
1667 1534 1876 1574 occiditur.
1936 1534 1992 1577 Et:

1077 1587 1264 1641 cumipso
1286 1603 1355 1642 per
1365 1589 1572 1641 spatarium
1585 1603 1667 1641 ejus
1690 1588 1990 1645 aliquisingula·

1078 1644 1380 1685 riterintromissi
1390 1644 1621 1697 jugulantur
1634 1644 1831 1685 honorati.

1136 1699 1212 1739 His
1231 1699 1347 1753 gestis
1365 1700 1518 1752 legatos
1537 1699 1840 1741 Valentinianus
1869 1701 1992 1742 mittit

1080 1753 1130 1794 ad
1141 1765 1279 1807 gentes
1289 1782 1302 1802 ‚
1313 1768 1363 1795 ex
1375 1755 1517 1807 quibus
1527 1755 1576 1794 ad
1588 1755 1738 1796 Suevos
1750 1758 1860 1796 venit
1869 1757 1989 1810 Justi-

1081 1823 1231 1850 manus.

1084 1876 1131 1917 31
1190 1865 1345 1916 Qarto
1360 1865 1471 1916 regni
1490 1878 1596 1904 anno
1609 1866 1797 1918 principis
1819 1866 1990 1907 Marcia-

1083 1920 1143 1964 ni,
1164 1932 1234 1971 per
1245 1919 1349 1960 duos
1368 1918 1546 1959 barbaros
1567 1918 1888 1961 A‘e'tiifamiliares
1911 1922 1991 1962 Va-

1083 1973 1319 2014 lentinianus
1338 1973 1479 2014 Roma:
1498 1974 1716 2028 Imperator
1739 1977 1937 2016 occiditur
1950 1978 1991 2016 in

1083 2042 1246 2082 campo,
1265 2029 1440 2070 exercitu
1450 2029 1729 2076 circunstante,
1749 2045 1855 2071 anno
1873 2035 1994 2072 :etatis

1082 2083 1157 2124 suae
1176 2098 1309 2124 xxxvi.
1333 2088 1372 2125 δε
1388 2085 1502 2138 regni
1520 2100 1629 2125 xxxi.
1652 2085 1746 2126 Post
1766 2100 1885 2139 quem
1898 2101 1994 2127 mox

1083 2139 1291 2180 Maximus
1305 2153 1354 2180 ex
1375 2139 1597 2180 consulibus
1615 2155 1735 2180 xtni.
1765 2141 1994 2182 RomaeAu-

1083 2193 1217 2248 gustus
1228 2195 1533 2249 appellatur.qui
1545 2198 1633 2236 cnm
1645 2196 1858 2249 Imperator
1872 2195 1994 2237 faetus

1085 2250 1256 2290 relistam
1268 2250 1535 2291 Valentiniani
1553 2249 1621 2290 sibi
1632 2251 1799 2291 duxisset
1811 2266 1972 2292 uxorem
1982 2279 1995 2300 ,

1088 2309 1127 2345 ὅ(
1152 2303 1235 2344 filio
1255 2303 1324 2345 suo
1352 2320 1402 2345 ex
1429 2307 1559 2358 priore
1587 2308 1759 2359 conjuge
1791 2307 1996 2354 Palladio,

1087 2373 1206 2414 quem
1218 2360 1406 2402 Caesarem
1417 2361 1562 2401 fecerat
1573 2391 1583 2409 ,
1593 2361 1864 2403 Valentiniani
1876 2362 1995 2403 filiam

1089 2417 1128 2455 in
1142 2417 1372 2469 conjugium
1392 2417 1636 2465 tradidisset,
1657 2431 1886 2471 magnorum
1910 2432 1997 2458 mo-

1090 2483 1202 2511 tuum
1215 2499 1227 2518 ,
1247 2485 1349 2524 quos
1367 2473 1591 2518 verebatur,
1611 2474 1904 2525 perturbatione
1917 2475 1997 2513 dis-

1089 2536 1237 2572 tortus,
1260 2531 1298 2566 ὅ(
1320 2527 1413 2580 quia
1426 2528 1463 2566 in
1484 2527 1705 2567 occisorum
1718 2542 1787 2579 pet
1809 2529 1992 2569 Valenti-

1087 2581 1202 2620 nianu
1210 2584 1303 2628 tm&
1315 2583 1354 2621 in
1367 2581 1483 2634 ipsius
1495 2583 1695 2623 interitum
1709 2583 1996 2630 Valentiniani,

1087 2635 1232 2675 ambitu
1244 2638 1351 2689 regni
1361 2635 1519 2676 consilia
1528 2636 1683 2677 scelesta
1693 2649 1842 2689 patrata
1853 2651 1997 2677 contu-

1088 2690 1181 2729 lerat
1193 2718 1203 2736 ,
1215 2693 1302 2730 cum
1314 2692 1518 2743 imperium
1530 2693 1699 2731 deserere
1711 2692 1848 2737 vellet,
1861 2697 1898 2732 Sc
1912 2692 1996 2731 Ro-
2052 2694 2059 2706 ⁸

1087 2758 1205 2790 mam,
1218 2746 1284 2784 vix
1295 2758 1461 2798 quatuor
1470 2748 1577 2798 regni
1591 2746 1644 2785 sui
1659 2745 1846 2786 mensibus
1858 2748 1997 2799 exple-

1088 2800 1200 2844 tis‚·in
1216 2799 1293 2851 ipsa
1305 2800 1396 2840 urbe
1408 2802 1578 2842 tumultu
1591 2801 1743 2854 populi,
1756 2806 1793 2841 Sc
1803 2801 1995 2842 seditione

1089 2856 1286 2894 occiditur
1296 2855 1464 2894 militari.
1880 2889 1882 2896 ,

1128 2909 1231 2962 'Ipso
1251 2924 1359 2950 anno
1373 2911 1410 2949 in
1429 2909 1564 2949 Galliis
1585 2911 1721 2950 Avitus
1739 2910 1877 2951 Gallus
1899 2912 1996 2953 civis

1084 2965 1131 3004 ab
1142 2967 1313 3005 exercitu
1325 2965 1531 3005 Gallicano
1543 2994 1554 3011 ,
1569 2969 1606 3005 δε
1621 2966 1666 3004 ab
1681 2966 1878 3006 honoratis
1889 2995 1899 3014 ‚
1912 2968 1995 3020 pri·

1084 3019 1380 3066 mumTolosae,
1414 3021 1558 3059 dehinc
1569 3020 1674 3073 apud
1693 3021 1891 3061 Arelatum
1913 3026 1992 3061 Au-

1089 3075 1220 3127 gustus
1231 3075 1443 3128 appellatus
1453 3103 1464 3122 ‚
1485 3075 1655 3116 Romam
1670 3077 1796 3130 pergit
1807 3104 1819 3125 ‚
1830 3080 1867 3118 ὃ(
1878 3077 1993 3118 flasci-

1091 3141 1206 3181 pitut.

1146 3183 1281 3237 Usque
1293 3185 1341 3224 ad
1361 3183 1679 3224 Valentinianum
1697 3184 1996 3241 Theodosiige-
2052 3191 2054 3194 ’

1091 3250 1241 3278 neratio
1255 3251 1380 3279 tenuit
1393 3240 1666 3292 principatum.

1096 3307 1111 3332 1
1154 3293 1272 3334 Rom
1289 3308 1311 3332 A
1328 3308 1392 3333 No
1410 3308 1518 3334 RUM
1559 3310 1615 3335 xi„
1632 3310 1643 3333 1
1661 3310 1708 3334 11.
1768 3297 1994 3337 Marcianus

1092 3361 1233 3401 quarto
1255 3351 1332 3403 jam
1355 3351 1464 3402 regni
1481 3349 1534 3389 sui
1547 3364 1649 3390 anno
1667 3351 1821 3392 obtinet
1842 3366 1996 3391 monar-

1092 3403 1229 3443 chiam.
1955 3451 1957 3453 ,

1145 3459 1216 3498 Per
1230 3460 1404 3504 Avitum,
1414 3461 1482 3512 qui
1492 3460 1512 3500 ὲ,
1525 3460 1716 3501 Romanis
1727 3492 1738 3508 ‚
1751 3467 1788 3502 &
1804 3458 1992 3500 evocatus

1091 3516 1130 3553 &
1152 3513 1345 3568 susceptus
1375 3514 1498 3557 fuerat
1520 3516 1734 3570 Imperator
1754 3545 1766 3563 ,
1805 3517 1922 3569 legati
1946 3517 1994 3554 ad

1226 3578 1233 3587 ⁴
1883 3572 1991 3609 Μιιῑἢ
