2366 4040
390 307 436 354 56
950 293 1728 338 PROOEMIUM.

385 373 490 411 Item
501 369 543 409 in
555 356 724 424 Sicyone
736 370 756 409 a
767 367 953 417 vicesimo
964 364 1138 406 secundo
1149 376 1254 402 anno
1265 364 1366 417 regis
1377 364 1557 420 Europis,
1569 363 1689 417 usque
1701 364 1752 404 ad
1763 363 1786 403 s
1781 361 2025 418 upradistum
2037 374 2204 419 tempus,
2218 366 2300 408 eos-

384 426 479 466 dem
498 440 620 466 annos
638 426 818 466 invenies
838 422 1064 466 Dcccxxiffir‘·
1084 417 1209 472 Apud
1224 417 1419 460 Hebraeos.
1429 435 1590 475 quoque
1608 422 1629 461 a
1640 421 1845 460 nativitate
1867 419 2068 460 Abraham
2081 448 2093 466 ,
2113 422 2232 476 usque
2250 423 2302 463 ad

384 482 558 524 Labdon
568 486 605 521 &
615 480 950 526 Samson‚Iudices
961 479 1235 520 Hebraeorum,
1248 476 1510 531 quiTrojanis
1520 477 1763 531 temporibus
1772 477 1923 531 populo
1932 475 2182 530 praefuerunt,
2192 493 2301 532 aeque

384 538 610 593 supputabis
621 552 745 579 annos
757 530 979 580 Dciccxxsuv.
1002 535 1110 572 Item
1122 531 1229 584 apud
1240 531 1456 588 AEgyptios
1464 535 1512 574 ab
1524 545 1641 575 aetate
1651 533 1801 574 Nini&
1813 533 2081 574 Semiramidis
2090 560 2101 579 ,
2113 547 2194 587 quo
2207 546 2305 575 tem-

383 609 481 650 pore
485 595 566 648 jam
576 594 836 635 sextadecima
850 588 1039 645 Dynastia
1047 586 1215 627 Thebaei
1234 587 1434 644 AEgyptiis
1445 591 1691 646 imperabant
1701 617 1712 636 ,
1732 589 1853 643 usque
1863 589 1913 631 ad
1930 589 2154 629 vicefimam
2172 590 2305 646 Dyna-

383 652 508 697 stiam,
519 655 557 690 ὃς
567 665 700 706 regem
711 648 880 705 AEgypti
891 645 1089 690 Thuorin,
1103 644 1171 696 qui
1181 643 1228 682 ab
1240 643 1425 687 Homero
1433 648 1606 702 Polybus
1616 659 1792 692 vocatur,
1805 645 1874 685 sub
1884 660 1968 699 quo
1977 645 2100 700 Troja
2111 659 2224 701 capta
2234 648 2302 693 est,

382 707 624 762 colliguntur
634 708 753 747 etiam
771 701 979 757 supradisti
990 701 1082 740 anni
1097 700 1304 742 Βῖςςκκκιν.
1336 704 1463 756 Igitur
1480 704 1769 758 consequenter
1779 703 1820 742 in
1835 702 1958 743 libelli
1975 702 2109 743 fronte
2119 704 2306 758 ponimus
2358 707 2365 712 '

382 778 466 804 uno
477 762 702 814 eodemque
715 771 895 814 tempore
909 757 1111 798 Abraham
1122 785 1132 803 ,
1153 757 1312 798 Ninum
1324 783 1335 802 ,
1357 759 1605 799 Semiramim
1616 787 1628 805 ,
1650 760 1851 814 Europem
1861 786 1872 806 ,
1892 759 1995 815 AEgy
2003 761 2176 814 priorum
2197 760 2306 800 The-

382 820 496 859 baeos.
528 818 580 856 Et
589 818 667 856 haec
677 815 842 869 quidem
852 816 906 855 ita
917 814 953 855 se
965 814 1121 860 habere,
1132 824 1179 853 ut
1190 812 1492 867 praefatisumus,
1504 815 1691 867 posterior
1703 827 1836 855 textus
1847 816 2042 857 ostendet.
2072 817 2115 857 N
2119 830 2196 856 unc
2207 816 2307 857 illud

380 877 422 916 in
434 887 523 914 cura
533 873 601 918 est,
612 884 657 912 ut
664 873 785 912 etiam
796 872 1058 912 Hebraeorum
1072 883 1195 909 annos
1205 870 1246 909 in
1259 879 1429 922 quatuor
1442 882 1622 924 tempora
1630 869 1854 912 dividamus
1866 888 1873 911 :
1885 872 1934 912 ab
1945 873 2148 913 Abraham
2160 900 2172 919 ,
2185 874 2306 927 usque

354 977 365 981 ς
382 932 432 971 ad
444 926 492 970 M
497 928 632 984 oysem
646 947 653 969 :
666 930 687 969 a
697 928 854 983 Moyse„
862 928 984 981 usque
995 926 1045 966 ad
1054 927 1221 980 primam
1233 925 1532 966 aedificationem
1545 925 1687 979 templi
1699 941 1706 964 ε
1718 926 1737 964 ἐι
1746 927 1870 979 prima
1881 928 2140 969 aedificatione
2152 930 2306 984 templi,

379 987 501 1041 usque
512 986 563 1025 ad
575 985 787 1039 secundam
798 984 1118 1025 instaurationem
1131 983 1214 1035 ejus
1228 998 1235 1021 :
1251 982 1299 1021 ab
1310 982 1587 1023 instauratione
1598 982 1693 1035 ejus,
1705 982 1827 1035 usque
1837 982 1888 1021 ad
1899 983 2115 1025 adventum
2127 986 2308 1027 Domini.

382 1045 422 1084 A
432 1042 639 1084 nativitate
651 1042 801 1097 quippe
814 1041 997 1085 Abrahae,
1009 1039 1130 1093 usque
1143 1038 1192 1078 ad
1205 1038 1390 1092 Moysem
1399 1066 1411 1085 ,
1424 1043 1461 1079 ὅ(
1472 1039 1621 1095 egressu
1634 1038 1748 1079 Israel
1758 1053 1807 1078 ex
1820 1038 2012 1093 AEgypto,
2026 1054 2308 1095 computantur

383 1100 477 1141 anni
487 1098 544 1141 133.
559 1101 597 1140 A
612 1097 755 1152 Moyse
766 1126 776 1144 ‚
788 1097 910 1151 usque
919 1097 970 1137 ad
983 1096 1239 1136 Salomonem
1251 1122 1263 1141 ,
1284 1099 1321 1134 ὃς
1330 1096 1499 1150 primam
1509 1093 1809 1135 aedificationem
1824 1096 1982 1151 templi,
1999 1098 2092 1137 anni
2108 1099 2306 1148 ecchxiffi]

383 1156 602 1197 secundum
615 1156 811 1195 minorem
821 1166 955 1194 tamen
963 1166 1173 1193 numerum
1183 1179 1194 1199 ‚
1214 1165 1335 1206 quern
1348 1153 1486 1192 tertius
1496 1152 1595 1193 liber
1603 1152 1840 1206 Regnorum
1853 1153 2046 1193 continet.
2080 1156 2189 1196 Nam
2196 1157 2309 1209 ju'xta

382 1214 574 1254 volumen
585 1211 770 1252 Iudicum
780 1211 1040 1265 supputantur
1049 1211 1142 1249 anni
1152 1210 1207 1249 [ἶ
1216 1211 1253 1247 A
1265 1208 1477 1250 Salomone
1489 1223 1584 1249 vero
1595 1242 1603 1255 ,
1625 1208 1747 1262 usque
1758 1208 1809 1247 ad
1819 1208 2140 1252 instaurationem
2153 1213 2308 1267 templi,

382 1284 470 1324 quae
480 1269 548 1308 sub
557 1268 680 1309 Dario
691 1267 890 1308 Persarum
900 1280 992 1322 rege
1002 1264 1101 1305 fasta
1110 1265 1164 1306 est
1176 1299 1183 1312 ‚
1199 1264 1440 1320 colliguntur
1449 1265 1541 1306 anni
1551 1283 1639 1306 nxn.
1652 1266 1777 1306 Porro
1789 1266 1809 1304 a
1820 1266 1943 1305 Dario
1952 1293 1964 1312 ,
1979 1267 2097 1321 usque
2110 1268 2159 1308 ad
2171 1269 2308 1322 praedi—

382 1327 584 1366 cationem
596 1325 765 1365 Domini
773 1323 925 1378 nostriJ
937 1338 961 1363 E
973 1339 991 1364 s
1004 1336 1033 1362 U
1051 1323 1089 1363 C
1099 1335 1126 1362 H
1136 1336 1166 1362 R
1178 1336 1193 1362 1
1208 1338 1226 1363 s
1241 1336 1266 1361 T
1278 1336 1294 1362 1
1307 1349 1319 1368 ,
1339 1327 1377 1362 δε
1391 1323 1513 1377 usque
1524 1321 1575 1361 ad
1583 1320 1975 1374 quintumdecimum
1992 1338 2140 1364 annum
2147 1324 2309 1367 Tiberii

382 1383 570 1437 principis
581 1381 858 1422 Romanorum
873 1410 883 1429 ‚
903 1380 1115 1435 explentur
1126 1380 1219 1418 anni
1237 1381 1394 1421 DvanY.
1427 1382 1569 1433 Itaque
1582 1377 1693 1417 fimul
1708 1377 1808 1418 fiunt
1818 1378 1866 1417 ab
1880 1379 2083 1420 Abraham
2094 1413 2103 1427 ,
2125 1381 2307 1436 usquead

382 1440 572 1493 quintum
584 1437 786 1478 decimum
797 1437 952 1477 Tiberii
971 1449 1118 1476 annum
1132 1462 1143 1481 ,
1164 1435 1257 1475 anni
1268 1437 1444 1478 mmxffi.
1477 1434 1695 1476 Similitera
1707 1435 1820 1475 Nino
1834 1438 1871 1473 &
1882 1434 2140 1477 Semiramide
2152 1465 2164 1484 ,
2185 1438 2307 1492 usque

382 1495 435 1536 ad
446 1494 630 1549 Moysem
640 1499 677 1534 &
689 1495 905 1548 Ceropem,
917 1492 1078 1533 annin—v.
1094 1492 1132 1531 A
1144 1494 1342 1547 Cecrope,
1354 1493 1475 1548 usque
1486 1492 1536 1533 ad
1548 1491 1822 1544 captivitatem
1830 1490 1976 1546 ijae,
1990 1494 2082 1533 anni
2093 1514 2245 1537 cccxx1x.
2266 1498 2306 1537 A

383 1552 613 1607 captivitate
624 1550 768 1604 Trojae,
783 1551 904 1605 usque
916 1549 966 1590 ad
976 1550 1143 1605 primam
1156 1549 1458 1604 Olympiadem,
1469 1547 1562 1590 anni
1570 1569 1698 1591 ccccv1.
1731 1549 1769 1588 A
1781 1549 1907 1602 prima
1915 1550 2176 1605 Olympiade,
2189 1552 2309 1607 usque

383 1609 435 1649 ad
443 1607 659 1649 secundum
671 1608 782 1648 Darii
790 1621 939 1648 annum
951 1606 1320 1647 &instaurationem
1332 1607 1492 1661 templi,
1511 1608 1604 1647 anni
1615 1627 1731 1648 chw.
1764 1607 1802 1645 A
1815 1604 1990 1646 secundo
2003 1606 2112 1647 Darii
2122 1623 2226 1648 anno
2236 1636 2247 1655 ‚
2269 1613 2307 1649 &

383 1665 661 1705 instauratione
673 1664 832 1718 templi,
850 1664 970 1718 usque
979 1662 1031 1703 ad
1040 1662 1086 1703 {v
1098 1677 1246 1702 annum
1254 1662 1410 1703 Tiberii
1420 1663 1578 1703 Caesaris
1590 1691 1600 1710 ,
1609 1664 1702 1704 anni
1718 1683 1846 1706 Dvan
1855 1684 1878 1703 1.
1908 1662 2031 1703 Fiunt
2040 1663 2182 1705 simula
2193 1666 2307 1706 Nino

384 1726 423 1762 δε
432 1721 705 1766 Semiramide,
718 1720 837 1774 usque
849 1720 900 1761 ad
910 1721 955 1761 ἦ
965 1718 1122 1761 Tiberii
1132 1720 1398 1765 annum‚·anni
1409 1721 1583 1761 MMxm'vT
1598 1733 1698 1774 quos
1708 1725 1745 1761 ὃς
1755 1720 1804 1760 ab
1816 1715 2033 1765 Abraham,
2044 1720 2164 1774 usque
2174 1721 2225 1761 ad
2235 1722 2308 1762 Ti-

384 1778 541 1819 berium
562 1777 805 1822 ostendimus
823 1777 1065 1832 supputatos.
1097 1777 1137 1816 A
1148 1775 1303 1816 Tiberii
1311 1790 1358 1816 au
1364 1788 1445 1816 tem
1455 1776 1500 1818 ἶν
1513 1790 1619 1816 anno
1629 1803 1641 1822 ,
1663 1776 1784 1831 usque
1796 1777 1846 1816 ad
1864 1776 1927 1817 ῐῗν
1946 1791 2094 1817 annum
2114 1777 2304 1826 Valentis,
2344 1787 2349 1795 ‘

381 1848 466 1889 quo
476 1835 647 1880 interiit,
665 1846 924 1873 numerantur
933 1834 1027 1873 anni
1038 1839 1146 1875 eccm,
1178 1834 1319 1886 Itaque
1332 1832 1433 1886 fiunt
1442 1834 1535 1873 anni
1545 1833 1650 1873 istius
1662 1833 1828 1874 historiae
1839 1834 2062 1875 nfifeffx‘cff.
2097 1833 2149 1873 Et
2160 1849 2210 1874 ne
2220 1834 2306 1874 lon-

381 1904 455 1946 gus
466 1889 566 1930 ordo
576 1903 832 1929 numerorum
843 1889 995 1943 aliquid
1005 1889 1107 1929 forte
1118 1889 1353 1929 turbationis
1364 1889 1498 1929 afferat
1507 1917 1518 1935 ,
1538 1904 1703 1930 omnem
1715 1903 1910 1930 annorum
1929 1891 2157 1945 congeriem
2169 1891 2210 1930 in
2222 1892 2305 1932 De-

380 1946 497 1986 cadas
507 1945 728 1986 decidimus
746 1962 753 1985 :
773 1959 869 1999 quas
878 1960 926 1985 ex
944 1945 1179 2000 singularum
1192 1946 1371 2000 gentium
1383 1945 1550 1985 historiis
1560 1956 1848 2002 congregantes
1859 1946 1928 1986 fibi
1946 1948 2118 1987 invicem
2139 1946 2307 1987 fecimus

382 2003 458 2043 esse
470 2003 695 2048 contrarias,
707 2012 753 2041 ut
763 2001 885 2041 facilis
895 2001 1112 2055 praebeatur
1122 2003 1304 2042 inventio
1314 2002 1423 2055 cujus
1434 2002 1560 2042 Graeci
1571 2013 1684 2043 aetate
1693 2003 1756 2043 vel
1767 2002 1938 2049 Barbari,
1950 2003 2166 2058 Prophetae,
2177 2008 2213 2043 ὃς
2225 2004 2307 2044 Re-

382 2072 463 2115 ges,
476 2063 514 2099 &
526 2058 758 2099 Sacerdotes
766 2057 926 2098 fuerunt
936 2058 1197 2098 Hebraeorum
1220 2075 1227 2098 z
1246 2059 1343 2098 item
1355 2059 1425 2111 qui
1436 2057 1673 2098 diversarum
1685 2059 1865 2113 gentium
1877 2059 1971 2099 falso
1983 2059 2124 2112 crediti
2132 2061 2202 2101 Dii
2216 2076 2223 2100 ε
2235 2062 2307 2114 qui

382 2117 539 2155 Heroes
557 2132 563 2152 z
585 2128 671 2168 quae
680 2141 691 2160 ,
704 2114 867 2167 quando
876 2114 966 2153 urbs
977 2113 1140 2153 condita
1158 2129 1166 2152 2
1187 2114 1256 2166 qui
1268 2114 1319 2153 dc
1330 2114 1539 2153 illustribus
1547 2115 1638 2153 viris
1647 2114 1898 2169 Philosophi,
1915 2117 2047 2155 Poetae
2057 2148 2066 2162 ‚
2087 2116 2304 2171 Principes,

381 2169 662 2225 scriptoresque
674 2171 870 2210 variorum
879 2183 1000 2223 operu
1007 2183 1044 2208 m
1056 2170 1272 2210 extiterunt
1290 2185 1297 2208 :
1314 2173 1351 2209 &
1362 2169 1389 2208 fi
1397 2182 1475 2223 qua
1483 2169 1556 2209 alia
1567 2170 1688 2226 digna
1698 2171 1886 2214 memoria
1894 2172 2051 2227 putavit
2060 2172 2302 2228 Antiquitas.

384 2230 487 2282 Qae
497 2226 672 2277 universa
681 2227 724 2268 in
733 2225 806 2267 suis
815 2226 911 2268 locis
922 2239 1014 2269 cum
1024 2225 1176 2268 summa
1186 2225 1380 2270 brevitate
1389 2239 1596 2282 ponemus.

2008 3286 2301 3354 EUSE-
