2366 4040
915 246 1612 288 PROLEGOMENA

284 331 465 393 Imperii
484 330 683 376 tertium.
707 324 992 380 Aehsszffii,
1016 338 1091 385 31.
1135 320 1294 368 Quum
1307 316 1447 382 igitur
1462 330 1593 365 tanta
1617 316 1668 366 sit
1681 316 1949 366 characteris
1968 321 2167 384 utilitaS,
2191 333 2243 374 ut

282 415 376 456 eos,
390 400 582 463 quicum
597 394 844 443 rationibus
856 391 942 437 suis
960 406 1050 436 non
1069 382 1293 432 adhibent
1307 421 1321 444 ,
1344 384 1537 433 multum
1557 384 1655 433 falli
1678 387 1944 454 contingat,
1969 394 2242 455 cavendum,

280 485 339 514 ne
356 486 412 514 eo
428 478 705 528 contempto
721 501 733 521 ,
751 479 835 526 pro
847 453 1300 505 demonstrationibus
1315 452 1695 503 hallucinationes
1712 492 1726 516 ,
1749 473 1836 520 pro
1852 458 1968 504 veris
1980 470 2245 523 temporum

278 534 422 582 titulis
441 533 589 580 foedos
609 526 965 578 anachronismos
982 517 1281 585 publicemus.
1337 523 1481 580 Qod
1506 541 1649 589 quum
1675 523 1921 584 African0,
1946 526 2173 586 Eusebio,
2197 532 2245 580 ὃς

279 602 492 650 omnibus
506 600 724 648 hastenus
739 592 973 650 acciderit,
987 605 1078 638 tam
1093 590 1428 655 ignoscendum
1442 591 1530 640 illis
1547 631 1559 654 ,
1585 606 1811 659 quatenus
1835 597 2094 660 ignorantia
2114 595 2245 659 hujus

279 673 343 718 rei
355 669 468 733 lapsi
479 669 599 729 sunt,
614 683 743 731 quam
755 662 848 706 aliis
861 660 974 706 vitio
987 659 1260 707 vertendum
1272 698 1288 720 ,
1313 663 1391 724 qui
1412 663 1688 711 methodum
1703 663 1817 711 hanc
1838 661 2244 729 praestantislimam,

269 736 566 796 'utfabulam',
590 747 663 781 aut
681 730 934 788 somnium,
958 727 1189 788 rejiciunt.
1232 727 1363 791 quod
1386 731 1571 792 quidem
1593 731 1837 780 verisimile
1864 730 2248 799 obje&um,fuiffe

275 806 364 854 illis
377 844 391 866 7
416 799 631 870 quipriffll
643 795 869 842 elementa
883 797 1167 859 geometrica
1183 795 1436 840 ediderunt
1449 831 1462 854 2
1488 814 1627 858 quum
1648 801 1914 849 Mechanici
1937 819 2052 868 aegre
2071 800 2249 851 ferrent

273 889 413 922 artem
429 871 559 917 ullam
579 864 792 913 constitui
809 865 858 910 iis
872 899 886 921 ,
912 860 1010 928 qu'ae
1030 860 1112 927 ipsi
1135 860 1232 908 sola
1259 863 1552 927 experientia
1572 869 1780 929 magistra
1800 871 2056 919 didicerant
2071 909 2084 934 ‚
2105 885 2248 938 atque

271 943 351 989 illis
365 936 604 986 elementis
616 932 659 980 se
677 936 723 981 in
739 932 951 980 ordinem
962 933 1062 998 cogi
1077 943 1311 996 putarent,
1322 929 1448 996 quasi
1463 948 1516 979 ea
1531 931 1625 979 sola
1641 931 1889 996 nescirent,
1903 955 1999 1001 quae
2012 942 2249 989 neminem

229 1037 230 1040 =
268 1021 435 1073 praeter
449 1005 494 1052 se
516 1004 629 1051 scire
652 1001 866 1050 haetenus
887 1000 1197 1050 crediderant.
1238 999 1370 1048 Idem
1393 998 1536 1047 hodie
1561 999 1730 1050 faciunt
1756 1003 2080 1072 Chronologi,
2107 1011 2250 1073 quiin

270 1093 361 1125 tarn
373 1075 494 1123 clara
511 1072 612 1121 luce
626 1070 862 1118 literarum
879 1072 1015 1137 magis
1039 1070 1098 1118 ad
1117 1070 1211 1117 haec
1228 1068 1445 1133 caligant,
1463 1087 1599 1135 quam
1612 1068 1723 1118 olim
1733 1069 1933 1135 solebat,
1947 1091 2088 1139 quum
2101 1079 2252 1126 omnia

268 1146 464 1193 tenebris
477 1142 658 1190 inscitiae
675 1139 825 1187 obsita
839 1138 991 1188 essent.
1034 1141 1156 1199 Qia
1170 1157 1283 1187 vero
1300 1139 1503 1186 Eusebio
1517 1174 1531 1197 ,
1557 1141 1638 1205 qui
1659 1138 1750 1187 fine
1763 1144 1870 1201 ssarte
1886 1145 1933 1191 8<
1948 1142 2132 1191 delectu
2144 1146 2249 1193 scri-

266 1213 376 1280 psit,
403 1227 452 1260 ut
469 1214 575 1259 tunc
589 1208 802 1257 ferebant
814 1222 1052 1276 tempora,
1078 1211 1214 1275 magis
1236 1207 1482 1268 credetur,
1503 1225 1639 1272 quam
1652 1210 1719 1270 ei,
1743 1211 1822 1274 qui
1844 1227 1946 1257 cum
1970 1222 2068 1257 arte
2085 1214 2251 1263 eadem

266 1281 498 1330 tra&ando
514 1297 692 1328 errores
709 1277 899 1326 Eusebii
914 1281 959 1328 ὃς
975 1278 1170 1327 aliorum
1193 1294 1388 1343 arguere
1410 1276 1580 1343 poslit',
1603 1292 1859 1344 propterea
1879 1278 1973 1327 illas
1995 1277 2250 1332 hallucina-

264 1353 412 1398 tiones
424 1349 541 1411 erS,
564 1351 610 1398 &
631 1361 778 1396 errata
795 1350 1001 1414 superius
1013 1347 1308 1413 protulimuS,
1323 1361 1374 1394 ut
1387 1364 1531 1412 quum
1544 1365 1601 1396 ex
1613 1347 1863 1409 method0,
1874 1365 2012 1414 quam
2029 1353 2250 1416 praecepi-

261 1418 673 1485 muS,deprehendi
690 1420 931 1483 potuerint
948 1457 961 1480 ‚
985 1418 1100 1465 nein
1117 1414 1343 1480 ejusmodi
1366 1416 1504 1464 rebus
1518 1414 1712 1464 auctoris
1726 1417 1884 1482 potius
1902 1455 1916 1477 ,
1936 1436 2073 1484 quam
2086 1423 2251 1468 verita-

261 1489 339 1550 tis,
350 1487 553 1536 dele&us
568 1487 805 1535 habeatur.
848 1486 1043 1553 Alioqui
1063 1500 1189 1533 tanta
1206 1484 1463 1550 praestantia
1482 1484 1550 1532 est>
1567 1486 1732 1534 horum
1747 1484 2098 1536 Chronicorum
2112 1489 2250 1537 Euse-

190 1576 191 1579 ’
259 1557 349 1617 bii,
371 1573 421 1606 ut
440 1557 678 1605 fatendum
692 1556 760 1617 sit,
775 1555 952 1604 nullum
969 1568 1107 1603 vetus
1121 1555 1335 1620 scripturn
1350 1569 1504 1603 extare
1531 1554 1590 1602 de
1613 1557 1791 1604 ratione
1808 1569 2098 1622 temporum,
2119 1557 2250 1623 quod

259 1642 366 1673 cum
392 1627 483 1674 hoc
505 1627 759 1690 comparari
779 1625 916 1690 possit
932 1663 946 1686 ,
968 1626 1013 1672 &
1042 1625 1170 1691 quod
1195 1623 1332 1690 pluris
1348 1624 1499 1672 nostra
1519 1624 1691 1673 intersit
1710 1625 1767 1673 ad
1788 1643 1873 1673 nos
1897 1625 2072 1674 salvum
2087 1643 2252 1691 perve-⁴

258 1695 384 1743 niffe.
414 1697 508 1743 imo
524 1694 698 1743 nullum
714 1693 859 1761 paulo
876 1695 1094 1743 vetustius
1109 1694 1195 1755 est,
1219 1694 1349 1759 quod
1370 1695 1427 1741 ab
1452 1696 1543 1742 hoc
1571 1695 1831 1743 derivatum
1853 1713 1947 1742 non
1971 1693 2040 1743 sit.
2077 1697 2249 1743 Taceo

258 1763 454 1811 auctoris
468 1763 773 1829 multiplicem
786 1763 1116 1824 eruditionem,
1128 1761 1396 1812 indefessum
1409 1763 1623 1812 le&ionis
1637 1765 1835 1813 studium
1848 1804 1861 1826 ,
1880 1765 2096 1814 summam
2115 1777 2250 1812 vetu-

255 1831 376 1879 statis
392 1836 632 1899 peritiam,
661 1835 740 1898 qui
767 1836 815 1881 in
842 1833 1055 1893 omnibus
1078 1834 1330 1900 priscorum
1357 1833 1591 1883 mdiorum
1619 1837 1914 1882 monimentis
1929 1835 2252 1900 peregrinatus

254 1898 385 1947 illum
406 1903 616 1954 divinum
636 1900 999 1972 (ωερωθὲρισκῶἢῗς
1021 1904 1278 1951 thesaurum
1293 1898 1500 1968 collegit.
1551 1904 1682 1960 Qid
1697 1903 1756 1951 de
1770 1904 1870 1967 ejus
1894 1903 2077 1950 historia
2098 1901 2253 1950 eccle-

253 1974 420 2023 siastica
433 1976 604 2040 loquar
622 1982 638 2020 Ρ
680 1979 808 2028 Quid
825 1979 1035 2020 certiaut
1053 1977 1286 2035 explorati
1307 1980 1551 2035 atempore
1564 1972 1843 2031 'l'rajani,ad
1858 1975 2106 2038 imperium
2119 1969 2254 2021 Con‘-

251 2043 654 2104 stant-mihMagni,
678 2038 882 2085 Ecclesia
910 2038 1132 2095 haberet,
1156 2037 1186 2081 si
1208 2051 1287 2082 aut
1305 2037 1373 2082 illi
1402 2037 1630 2082 luculenti
1652 2036 1760 2082 libri
1786 2038 2149 2101 intercidissent,
2172 2057 2252 2091 aut

256 2107 483 2158 Eusebius
501 2107 651 2154 nullos
666 2104 954 2169 reliquisset?
994 2103 1405 2162 Quemadmodum
1420 2106 1543 2153 enim
1554 2106 1632 2151 uni
1653 2103 1853 2170 Iosepho
1874 2108 2027 2154 omnia
2039 2145 2054 2166 ,
2081 2125 2179 2174 quae
2193 2111 2249 2158 ab

255 2181 494 2243 Hyrcano,
510 2175 565 2223 ad
577 2171 740 2238 templi
753 2172 984 2222 excidium
997 2211 1009 2233 ,
1034 2173 1152 2238 gesta
1165 2173 1266 2220 sunt
1282 2211 1295 2233 ,
1319 2172 1542 2221 debemus
1561 2212 1574 2234 ,
1597 2175 1659 2221 ita
1672 2176 1751 2221 uni
1767 2174 1969 2223 Eusebio
1985 2179 2249 2245 acceptafe-

256 2245 396 2295 renda
410 2245 513 2291 sunt
526 2245 682 2290 onmia
699 2280 712 2302 ,
729 2261 828 2308 quae
842 2241 1068 2289 historiam
1086 2241 1435 2291 ecclesiasticam
1448 2241 1655 2308 spectant
1676 2243 1700 2290 zi
1722 2242 1919 2303 Traiani
1941 2247 2246 2312 temporibus,

257 2315 315 2363 ad
328 2331 486 2381 pacem
501 2309 719 2359 Ecclesiis
733 2313 756 2359 a
768 2310 1073 2359 Constantino
1086 2324 1278 2376 partam.
1324 2315 1445 2360 Nam
1457 2310 1751 2361 intervallum
1772 2312 1888 2361 illud
1901 2315 1957 2363 ab
1970 2315 2136 2365 ultimo
2153 2320 2247 2365 Ca-

257 2385 357 2448 pite
370 2381 597 2431 Αᾶ0111111
612 2380 990 2446 Apostolicorum
1005 2419 1018 2441 ,
1030 2381 1088 2428 ad
1102 2380 1309 2428 medium
1320 2381 1512 2445 Trajani
1529 2382 1773 2448 imperium
1793 2422 1807 2444 ,
1828 2400 1924 2449 quo
1949 2384 2091 2433 transtu
2117 2391 2247 2444 Qua-

255 2451 409 2500 dratus
428 2454 473 2500 8<
489 2451 689 2517 Ignatius
709 2450 954 2510 florebant,
974 2448 1113 2514 plane
1125 2468 1229 2498 cum
1243 2451 1451 2500 Varrone
1467 2449 1634 2505 02¹va
1653 2454 1805 2499 vocari
1821 2452 1968 2517 potest
1979 2455 2054 2514 ,in
2067 2472 2163 2519 quo
2178 2457 2246 2500 ni-

257 2524 320 2574 hil
332 2528 445 2575 certi
459 2526 515 2573 de
532 2525 666 2573 rebus
679 2524 1044 2573 Christianorum
1058 2525 1113 2573 ad
1131 2544 1213 2573 nos
1228 2530 1443 2593 pervenit
1455 2567 1468 2590 ,
1484 2542 1648 2595 praeter
1670 2529 1923 2578 admodum
1935 2547 2082 2595 pauca
2097 2569 2111 2592 ‚
2142 2548 2245 2596 quae

257 2594 404 2643 hostes
420 2597 598 2660 pietatis
611 2594 761 2642 obiter
778 2595 988 2642 delibant
1003 2633 1017 2656 ,
1038 2597 1286 2644 Suetonius
1303 2635 1316 2657 ,
1341 2600 1489 2648 Corn.
1508 2600 1701 2647 Tacitus
1716 2636 1730 2657 ,
1751 2597 1920 2646 Plinius
1941 2599 2241 2647 Caecilianus:

257 2682 394 2730 quem
416 2665 589 2711 hiatum
611 2676 663 2711 ut
691 2663 905 2730 expleret
928 2662 1151 2712 Eusebius
1166 2702 1179 2724 ,
1202 2665 1259 2718 ὄΛι
1279 2663 1354 2727 ‘1355'
1372 2667 1637 2729 χΞωοᾶέο-εων
1660 2667 1922 2712 Clementis
1945 2667 2101 2727 nescio
2115 2666 2245 2731 cujus

256 2741 281 2805 ζ
283 2759 371 2790 non
387 2742 449 2788 est
462 2743 581 2788 enim
594 2739 671 2788 ille
692 2741 897 2789 eruditus
913 2740 1264 2789 Alexandrinus
1283 2743 1304 2792 ὁ
1318 2738 1601 2811 ςξωμοὶἶόθς)
1616 2741 1661 2788 &
1674 2741 1732 2793 Em
1749 2737 1783 2793 73
1800 2738 2063 2807 πεῶιὲίίῗλὸ
2086 2745 2241 2810 Hege-

256 2815 367 2882 fippi
392 2833 483 2863 non
509 2816 712 2865 melioris
734 2817 971 2882 scriptoris
996 2853 1009 2876 ,
1054 2815 1143 2864 sine
1169 2816 1351 2864 delectu
1371 2835 1425 2865 ea
1450 2816 1760 2883 deprompsit,
1788 2833 1847 2863 ex
1867 2818 2034 2883 quibus
2058 2818 2240 2882 judica-

257 2887 293 2932 ri
317 2885 470 2948 potest
490 2922 503 2942 ,
545 2884 741 2950 aliquam
765 2886 952 2951 quidem
975 2882 1194 2946 jacturam
1210 2922 1224 2946 ,
1242 2884 1317 2932 sed
1334 2903 1432 2950 quae
1454 2888 1690 2951 patienter
1704 2885 1808 2932 ferri
1823 2887 1983 2949 poffit,
2005 2880 2238 2935 Ecclesia-

260 2954 409 3000 sticam
433 2953 658 3001 historiam
682 2953 831 3002 fecisse
859 2954 1054 3010 interitu
1071 2953 1256 3002 illorum
1284 2954 1526 3003 librorum.
1568 2953 1627 3002 de
1650 2973 1739 3020 qua
1758 2953 1938 3003 historia
1966 2973 2110 3021 quum
2135 2955 2237 3003 nul-

257 3020 326 3068 lus
357 3034 565 3068 veterum
589 3023 840 3085 praeclarius
861 3024 1084 3071 meruerit
1110 3061 1123 3084 ,
1163 3040 1299 3088 quam
1324 3021 1395 3070 hic
1417 3025 1571 3072 noster
1593 3060 1608 3081 ,
1645 3025 1692 3071 in
1718 3022 1850 3071 nullo
1881 3037 2010 3071 certe
2043 3023 2238 3089 scripto-

257 3108 355 3137 rum
367 3088 464 3151 ejus
480 3087 688 3137 illustrius
699 3091 790 3139 hoc
809 3095 1009 3150 eminet,
1034 3108 1171 3156 quam
1195 3094 1240 3138 in
1256 3091 1343 3138 hoc
1357 3110 1502 3156 opere
1519 3092 1762 3140 Chronico
1778 3131 1792 3154 ,
1812 3092 1939 3157 quod
1955 3090 2235 3140 mancumad

256 3175 340 3204 nos
358 3157 605 3222 pervenisse
621 3157 876 3209 dolendum
894 3161 970 3209 est.
992 3163 1113 3208 Nam
1128 3161 1256 3225 prior
1269 3160 1386 3208 liber
1399 3163 1576 3228 integer
1589 3160 1970 3224 desideratur,qui
1983 3160 2232 3219 censuales,

260 3240 311 3273 ut
328 3243 433 3273 cum
455 3225 754 3275 Tertulliano
774 3227 937 3293 loquar
954 3266 968 3288 ,
988 3231 1196 3276 omnium
1216 3229 1604 3278 vetustissimarum
1625 3231 1863 3276 nationum
1879 3267 1892 3289 ,
1917 3231 1964 3276 8<
1987 3246 2233 3296 regnorum

258 3299 536 3349 continebat.
563 3301 807 3366 posterior,
825 3322 962 3369 quem
987 3296 1152 3351 nomosvoe
1172 3303 1330 3353 auctor
1345 3305 1591 3372 inscripsit,
1617 3307 1796 3370 integer
1814 3303 1997 3368 quidem
2013 3301 2231 3369 superest,

256 3371 334 3418 sed
353 3369 412 3415 est
427 3383 601 3416 tantum
618 3369 887 3435 quasiindex
904 3373 1088 3438 quidam
1104 3412 1116 3435 ,
1143 3375 1486 3423 &summarium
1503 3375 1761 3439 superioris.
1799 3375 2048 3436 Utrunque
2076 3385 2230 3419 autem

258 3439 425 3486 Latine
449 3439 759 3501 Hieronymus
780 3445 1026 3490 convertit.
1069 3445 1148 3491 De
1172 3442 1422 3507 posteriore
1444 3461 1581 3491 nemo
1607 3442 1802 3490 dubitat.
1836 3442 1894 3488 de
1911 3443 2065 3505 priore
2081 3439 2229 3505 ipsum

260 3507 422 3568 testem
435 3505 588 3553 damus
603 3510 1009 3556 Commentarioiu
1023 3511 1234 3559 Danielis
1251 3530 1350 3577 cap.
1367 3513 1431 3559 ΓΧ.
1467 3511 1619 3560 Verba
1641 3511 1737 3572 ejus
1764 3511 1858 3557 haec
1881 3511 1983 3557 sunt
2006 3531 2017 3556 ι
2047 3509 2234 3574 chuid

260 3580 355 3622 enim
371 3579 407 3623 in
421 3575 557 3637 templo
570 3579 696 3638 pos‘Jea
705 3575 852 3640 fabium
868 3583 947 3639 eft,
973 3599 1043 3626 non
1052 3573 1456 3646 fisitsctcrificizmtDei
1467 3620 1479 3642 ,
1494 3581 1565 3643 secl
1574 3581 1691 3628 cultus
1707 3579 1879 3638 Diaboli,
1901 3580 2043 3627 cunflis
2071 3582 2108 3624 in
2129 3595 2228 3624 com-

2119 3664 2227 3694 mune
