2366 4040
621 224 1408 309 ‘LissER'TEitrrvs
1904 272 1964 313 ως

113 363 116 367 -
139 335 229 374 dam
242 338 313 367 ῑῐδᾱ
334 330 481 370 dierum
490 328 730 385 consurgant,
740 341 884 383 quanto
893 330 1011 383 magis
1018 330 1129 366 venia
1142 324 1251 366 nobis
1264 324 1403 369 danda,
1416 321 1442 363 fi
1454 332 1539 364 eam
1546 325 1646 379 viam
1657 323 1864 368 infistimus,
1887 344 1968 381 qua:

141 392 272 431 omnia
280 387 475 428 nouilunia
483 386 530 426 ad
542 400 708 441 unguem
717 385 868 428 indicat,
881 383 1025 423 menies
1035 382 1083 423 ad
1091 381 1313 437 aequabilem
1320 381 1525 437 plenorum
1534 386 1572 419 δε
1579 394 1763 420 cauorum
1774 387 1973 423 continua-

143 451 292 486 tionem
304 436 442 498 dirigit,
456 456 600 481 annum
612 469 623 487 ,
645 449 682 481 δε
696 442 819 496 cyclos
828 440 876 479 ad
890 440 949 478 sua
957 437 1276 494 capitainoffenso
1291 451 1425 478 tenore
1434 436 1550 491 idque
1557 441 1615 476 via
1630 436 1902 492 expeditiffima
1918 439 1972 488 2492}

141 503 372 555 ’ςγηςημονικαῖς
387 502 550 552 reponit?
564 498 825 538 Artificium'&
832 495 1009 534 utilitates
1021 495 1131 535 huius
1144 494 1301 534 Tabula:
1310 509 1426 534 nemo
1433 507 1504 549 pro
1513 493 1697 548 dignitate
1705 493 1974 548 pratdicauerit.

144 560 276 600 Nemo
286 569 396 595 antea
403 553 530 609 potuit
538 567 616 593 tam
626 558 802 607 exiguum
815 551 950 590 orbem
958 554 1173 605 excogitare
1181 579 1192 595 ‚
1217 555 1256 589 in
1265 565 1379 604 quem
1398 551 1594 590 nouilunia
1609 562 1670 589 tot
1687 550 1847 589 millium
1856 563 1979 590 anno-

146 629 231 655 rum
239 615 461 661 conijceret‚
483 622 525 648 ut
536 614 573 648 in
584 611 657 649 hac
670 608 817 647 Tabula
832 606 971 646 fadum
983 607 1046 646 est.
1080 607 1224 661 Qum
1235 610 1348 663 igitur
1363 610 1529 662 primum
1549 620 1694 645 annum
1708 610 1784 645 eius
1801 610 1976 649 tenueris,

149 670 294 725 semper
301 665 511 706 meminisse'
518 665 632 704 debes
643 665 756 703 literae
765 692 776 708 ,
790 677 906 718 quam
914 661 1101 703 reseruasti
1111 678 1132 702 a
1145 664 1259 702 latere
1267 666 1415 702 numeri
1428 666 1602 717 proxime
1614 666 1770 703 minoris
1781 666 1820 701 in
1831 661 1981 702 Tabula

87 741 94 748 ·
149 731 272 768 tertia:
298 729 335 762 δε
343 736 432 761 cum
442 736 488 760 eo
500 735 662 761 numero
672 719 817 776 semper
827 734 893 775 per
906 733 1040 760 omnes
1048 734 1169 759 annos
1179 719 1334 758 Tabula:
1343 722 1551 774 peruagati.
1567 719 1695 774 Qod
1705 718 1728 757 fi
1737 719 1855 763 litera,
1864 733 1981 772 quam

148 779 345 823 reseruasti‚
355 776 466 817 fuerit
473 782 587 831 prior,
598 790 712 831 quam
723 791 805 830 qua:
814 781 851 824 in
861 777 954 815 cella
962 775 1117 814 Tabulae
1128 779 1305 819 occurrit,
1315 774 1534 814 alsumenda
1541 779 1610 814 erit
1617 779 1722 830 prior
1728 773 1831 819 feria,
1841 780 1880 814 &
1888 788 1982 815 con-

150 851 217 882 tra,
230 833 447 876 assumenda
457 837 525 872 erit
537 835 719 889 posterior
727 832 829 877 feria,
841 832 866 871 fi
878 832 984 871 litera
994 831 1176 870 reseruata
1188 831 1300 870 fuerit
1309 831 1625 886 posterior.Exe1n
1629 831 1736 885 plum
1746 847 1754 869 ι
1773 832 1889 872 Anno
1899 832 1985 870 Do-

149 897 242 934 mini
254 890 488 945 Dionyfiano
504 893 699 932 ffc'c‘ccffiff,
717 893 781 945 qui
789 901 867 928 erat
874 887 1021 943 periodi
1034 887 1182 926 Iuliana:
1197 896 1265 938 617
1273 895 1304 930 6,
1316 889 1453 926 iterum
1462 888 1657 927 nouilunia
1665 886 1858 927 redierunt
1865 887 1913 927 ad
1924 902 1985 927 ca-

151 962 220 1006 put
227 948 393 990 Tabulae,
403 947 480 997 hoc
488 944 542 985 est
551 943 600 983 ad
607 959 751 984 annum
763 949 941 1000 primum.
956 943 1066 983 Adeo
1073 943 1264 983 Tabulam
1271 947 1432 983 tertiam.
1444 942 1586 983 Aufero
1599 956 1802 983 numerum
1811 948 1986 1000 proxime

151 1010 343 1047 minorem
364 1012 470 1055 6175,
483 1005 547 1056 qui
556 1000 671 1040 habet
681 1003 827 1040 literam
839 1002 863 1040 b
876 999 1134 1039 minusculam.
1151 1000 1256 1039 Cum
1263 1004 1409 1055 unitate
1421 999 1572 1043 residua,
1585 1005 1623 1038 &
1637 1000 1662 1038 b
1675 1000 1882 1040 minuscula
1892 1014 1986 1045 con-

153 1063 234 1102 fero
242 1075 305 1100 me
314 1058 362 1099 ad
373 1063 539 1114 primum
549 1071 693 1096 annum
701 1057 857 1097 Tabulae
868 1056 1047 1097 secundat.
1069 1054 1178 1104 (nam
1185 1056 1244 1095 illa
1252 1059 1374 1095 unitas
1383 1055 1537 1100 residua,
1550 1061 1587 1094 &
1594 1070 1713 1095 omne
1723 1055 1911 1096 residuum
1919 1055 1987 1111 fig-

154 1118 284 1158 nificat
293 1125 412 1155 annos
423 1114 596 1160 Tabulae)
611 1113 754 1153 Primus
766 1117 878 1167 igitur
890 1127 1023 1157 annus,
1032 1115 1097 1167 qui
1110 1111 1314 1152 denotatur
1323 1126 1391 1167 per
1402 1112 1503 1151 illam
1515 1108 1699 1151 residuam
1706 1117 1906 1157 unitatem,
1919 1112 1988 1151 ha-

94 1167 97 1169 *
114 1168 116 1171 ¹
155 1176 220 1215 bet
231 1178 269 1212 in
282 1170 404 1228 prima
413 1171 504 1210 cella
512 1170 667 1208 Tabula:
675 1169 756 1209 secu
763 1169 845 1208 ndae
853 1173 985 1224 prior'ss
995 1172 1108 1225 partis
1131 1183 1162 1207 2.
1170 1170 1263 1225 Qr.
1274 1170 1384 1224 Qia
1399 1169 1423 1207 b
1440 1169 1492 1208 est
1500 1166 1816 1224 posterior‚quam
1827 1167 1992 1225 Qdeo

156 1245 238 1271 non
256 1244 274 1268 2
286 1257 297 1274 ,
313 1227 373 1268 sed
392 1241 406 1266 1
422 1227 605 1282 posterior
619 1228 716 1270 feria,
728 1230 797 1265 erit
806 1226 995 1272 character
1008 1226 1192 1274 nouilunij
1208 1224 1327 1266 Nisam
1339 1224 1572 1279 Dionysiani.
1599 1226 1655 1264 Ita
1664 1224 1846 1270 secundo,
1864 1228 1991 1269 tertio,

157 1298 293 1343 quarto
305 1282 537 1338 anno,usqne
549 1280 597 1321 ad
613 1288 692 1325 xxm,
707 1287 772 1336 qui
785 1278 863 1321 erat
877 1282 1018 1322 Christi
1032 1290 1134 1332 1476
1139 1281 1257 1321 ‚Nam
1270 1282 1321 1320 ibi
1334 1285 1372 1320 in
1381 1281 1767 1336 cellaest‚3.e.c.-Qia
1779 1281 1804 1321 b
1816 1284 1920 1336 prior
1928 1281 1993 1325 est,

157 1356 274 1398 quam
287 1356 318 1386 e,
327 1339 414 1380 ideo
425 1344 526 1396 prior
537 1339 628 1377 seria
639 1352 670 1388 3,
679 1344 759 1378 non
767 1338 951 1393 posterior
969 1353 1003 1381 2,
1014 1337 1246 1391 accipienda.
1258 1338 1313 1375 lta
1320 1352 1388 1391 per
1401 1350 1525 1376 totam
1533 1337 1722 1375 Tabulam
1730 1336 1994 1391 peruagand0‚

159 1413 241 1450 ²47
263 1409 451 1436 annorum
464 1396 573 1434 aliam
588 1394 783 1432 Tabena'm
793 1393 983 1433 conficere
991 1405 1116 1446 potes,
1126 1397 1164 1430 in
1173 1406 1248 1444 qua
1258 1392 1333 1430 sine
1346 1393 1422 1431 ullo
1437 1392 1565 1431 labore
1577 1404 1645 1431 tuo
1657 1396 1790 1431 omnia
1799 1394 1997 1432 nouilunia

156 1453 274 1495 Nisan
283 1448 722 1504 Dionyfianidelignabis
733 1449 780 1487 ab
788 1446 1043 1488 anno'Christi
1052 1446 1251 1502 propolito
1270 1456 1343 1495 146
1344 1460 1359 1497 3
1370 1474 1380 1491 ,
1398 1446 1513 1501 usque
1524 1446 1723 1486 adannum
1741 1460 1847 1499 1710.
1870 1448 1999 1487 Tanta

159 1510 212 1551 est
218 1510 326 1549 huius
337 1506 492 1546 Tabulae
500 1518 583 1544 tum
593 1504 863 1549 commoditas,
873 1517 957 1544 tum
966 1506 1114 1543 utilitas.
1127 1504 1182 1543 Ita
1190 1517 1272 1543 non
1281 1518 1377 1558 opus
1390 1507 1460 1543 erit
1469 1504 1552 1558 post
1561 1518 1577 1554 3
1585 1521 1607 1543 0
1614 1517 1639 1553 4
1650 1518 1772 1542 annos
1783 1503 1907 1544 statim
1915 1518 2003 1543 mu-

163 1579 239 1607 tare
247 1564 416 1620 epactam
428 1590 438 1604 ,
450 1575 491 1601 ut
504 1590 514 1606 ‚
524 1566 671 1614 quoties
681 1560 791 1599 nobis
804 1560 923 1599 visum
934 1558 1046 1600 fuerit
1057 1590 1067 1604 ‚
1088 1560 1240 1599 Lunam
1248 1559 1297 1598 de
1308 1560 1467 1599 statione
1477 1560 1662 1600 decedere
1676 1560 1884 1601 iubeamus.
1909 1559 2001 1600 Mu·

162 1626 254 1663 tatio
265 1624 369 1660 enim
379 1619 463 1660 diei,
478 1628 560 1670 qnae
574 1616 616 1655 fit
634 1611 722 1661 κοιῖςῖ
732 1616 900 1664 ωερήγηπν
911 1615 1135 1659 ammuh),
1148 1629 1230 1655 non
1243 1614 1286 1654 fit
1295 1614 1443 1670 praecise
1457 1630 1523 1670 per
1538 1629 1660 1655 certos
1672 1617 1784 1656 orbes
1797 1630 2000 1656 annorum.

162 1678 287 1718 Huius
299 1680 403 1716 enim
418 1676 636 1712 mutationis
650 1673 767 1716 horae,
777 1675 836 1711 vel
846 1676 1037 1711 momenti
1046 1685 1129 1711 non
1142 1671 1195 1711 est
1209 1676 1393 1710 terminus
1403 1672 1496 1711 ullus
1511 1671 1702 1716 definitus,
1720 1671 1886 1726 ideoque
1899 1672 2002 1712 nulla

164 1746 267 1774 certa
280 1729 484 1770 methodus
494 1728 670 1768 constitui
681 1728 821 1782 potest:
841 1728 948 1782 quod
956 1728 1147 1782 pueriliter
1154 1739 1339 1782 putarunt
1351 1730 1440 1766 anni
1451 1732 1543 1767 noui
1556 1727 1788 1768 conditores.
1823 1727 1898 1767 Sed
1905 1742 1952 1767 ex
1962 1728 2004 1766 il-

166 1791 207 1828 lis
220 1787 373 1827 orbibus
384 1798 589 1827 annorum,
606 1796 699 1838 puta
712 1784 796 1838 post
813 1798 890 1834 304
903 1812 913 1829 ‚
934 1785 1163 1839 colliguntur
1184 1784 1322 1838 epacta:
1339 1783 1556 1838 aequabiles,
1582 1798 1665 1837 qua:
1677 1782 1806 1839 p'ostea
1815 1784 1861 1823 ad
1872 1784 2005 1823 chara-

168 1847 308 1883 &erem
320 1842 501 1890 nouilunij
516 1838 632 1880 Nisan
644 1840 880 1894 castigantur.
908 1839 1005 1879 Haec
1017 1851 1104 1880 vera
1116 1838 1169 1878 est
1186 1839 1357 1879 doarina
1368 1840 1690 1895 Epactarummon
1698 1855 1815 1895 quam
1827 1839 2008 1881 condito-

170 1914 226 1939 res
236 1903 325 1938 anni
333 1901 423 1937 noui
431 1909 598 1936 veterum
613 1895 941 1951 Computatorum
949 1898 1179 1952 imperitiam
1188 1894 1334 1950 sequuti
1343 1900 1384 1935 in
1392 1895 1497 1935 usum
1507 1909 1747 1936 reuocarunt.
1784 1896 2008 1951 Oportebat

173 1957 353 1997 Clanium
362 1954 436 1993 alio
448 1951 592 1992 iudicio
603 1980 614 1995 ‚
624 1953 697 1992 alia
709 1952 888 1993 doctrinae
899 1951 1241 2007 copiainstructum
1255 1949 1371 1996 fuisse,
1385 1965 1590 2007 antequam
1602 1953 1650 1992 ad
1663 1953 1745 1992 haec
1762 1951 1956 1992 tractanda
1971 1952 2008 1991 se

172 2011 382 2055 conferret,
404 2022 487 2049 non
500 2021 628 2049 autem
643 2009 852 2050 obtrectare
862 2013 932 2053 eis,
950 2023 972 2047 a
985 2022 1149 2064 quorum
1167 2010 1329 2049 lectione
1357 2014 1394 2048 &
1414 2011 1573 2059 melior,
1595 2015 1633 2049 δε
1649 2008 1798 2049 doctior
1817 2008 2010 2049 discedere

172 2061 308 2124 potest.
334 2066 438 2106 Scito
447 2078 574 2106 autem
587 2065 688 2106 hanc
696 2064 1035 2120 praestantiffimam
1053 2062 1243 2106 Tabulam
1251 2064 1318 2106 soli
1331 2066 1558 2120 Septenario
1571 2079 1734 2105 numero
1756 2064 1905 2105 dierum
1914 2078 2009 2105 con·

174 2127 314 2164 uenire.
348 2122 433 2162 Nos
444 2125 547 2161 enim
560 2126 700 2161 utimur
714 2121 927 2177 Septizono
946 2122 1190 2177 planetarum
1202 2121 1306 2163 orbe.
1337 2123 1391 2162 At
1404 2121 1429 2160 si
1439 2120 1488 2162 ad
1500 2123 1616 2161 alium
1635 2135 1842 2173 numerum
1859 2120 2010 2160 dierum

177 2177 353 2236 periodus
362 2178 518 2217 Lunatis
531 2177 759 2217 instituenda
771 2176 864 2217 effet
875 2206 887 2222 ,
908 2189 951 2217 ut
965 2177 1013 2218 ad
1025 2178 1205 2234 ogdoada
1216 2207 1227 2224 ,
1250 2183 1355 2219 cujus
1364 2178 1461 2218 olim
1479 2177 1561 2218 usus
1575 2191 1656 2219 erat
1674 2177 1778 2232 apud
1793 2177 2010 2222 Romanos,

176 2248 241 2275 aut
248 2233 296 2274 ad
315 2228 616 2283 τρΙισ-κοαὸεκαίδοι,
642 2248 718 2289 qua
730 2234 935 2274 utebantur
943 2235 1138 2275 Mexicani
1149 2263 1158 2277 ,
1182 2235 1305 2275 nullus
1317 2234 1548 2274 commodus
1562 2233 1663 2272 orbis
1678 2232 1924 2273 ‘restitutionis
1935 2233 2012 2272 Lu-

171 2295 274 2330 ·naris
287 2293 497 2343 excogitari
508 2290 645 2344 potest.
678 2290 722 2328 In
734 2290 940 2330 Mexicana
952 2295 1100 2330 ratione
1111 2292 1212 2330 orbis
1226 2289 1317 2330 esset
1338 2290 1409 2339 885
1431 2290 1638 2334 ambrum,
1656 2302 1741 2329 non
1757 2303 1839 2341 247
1850 2317 1860 2332 ‚
1881 2303 1924 2330 ut
1935 2290 2011 2330 hic⁰

179 2352 215 2386 δι
223 2358 350 2385 tamen
362 2358 442 2384 non
455 2348 506 2382 ita
514 2344 578 2383 fibi
597 2344 795 2387 constaret,
810 2357 852 2383 ut
866 2345 930 2385 hic
938 2345 1075 2385 noster.
1107 2347 1247 2399 Qare
1255 2345 1308 2384 est
1317 2343 1517 2399 quoddam
1526 2358 1718 2388 arcanum,
1745 2351 1783 2385 &
1793 2344 1918 2386 nescio
1930 2360 2015 2401 quae

178 2403 231 2442 ‘vis
245 2402 370 2440 diuina
381 2404 421 2439 in
437 2400 498 2439 illo
512 2413 672 2439 numero
689 2398 901 2454 septenario
917 2400 1068 2440 dierum
1081 2402 1271 2448 ciuilium,
1290 2415 1374 2456 quae
1391 2407 1428 2440 &
1439 2406 1556 2445 Lunae
1571 2407 1608 2441 &
1625 2402 1719 2442 Solis
1733 2403 1941 2443 rationibus
1953 2417 2016 2443 ασε-

183 2454 525 2497 commodatiffima
535 2456 596 2498 est,
610 2456 656 2494 de
665 2469 739 2508 qua
749 2453 847 2494 infra
859 2470 917 2494 arn
924 2457 1018 2509 plius
1028 2458 1242 2509 loquemur.

128 2514 372 2554 TABVLAE
406 2523 924 2550 CHARACTER1SM1
957 2521 1427 2551 NoervuxonM
1457 2525 1594 2552 PARS
1631 2502 2057 2572 ιόετιῑιιιοιι]ι

183 2569 307 2608 Huius
317 2570 430 2622 partis
440 2565 585 2611 eadem,
594 2581 677 2621 quae
685 2565 1047 2622 prioris,mcthodus
1058 2596 1065 2604 .
1102 2567 1207 2606 Cum
1216 2567 1351 2606 eadem
1361 2568 1478 2612 litera,
1488 2582 1605 2622 quam
1616 2567 1865 2616 reseruasti,ad
1878 2585 1964 2610 eam
1977 2579 2016 2611 te

183 2621 370 2667 conferes,
381 2626 467 2661 utin
478 2626 611 2677 prioris
620 2621 809 2660 methodo
818 2620 946 2660 fecisti.
960 2622 1057 2661 Haec
1067 2635 1152 2677 pars
1162 2621 1278 2678 longe
1287 2625 1414 2663 utilior
1420 2626 1560 2679 priore,
1570 2628 1671 2678 quia,
1681 2637 1722 2664 ut
1730 2625 1906 2670 diximus,
1917 2626 2015 2681 Epa-

185 2682 327 2719 &atum
336 2678 462 2728 Martij
483 2678 589 2716 usum
599 2689 742 2720 tuetur,
763 2680 827 2730 qui
841 2681 877 2715 in
891 2678 1006 2717 altera
1022 2677 1153 2722 cessat,
1174 2684 1326 2732 quoties
1340 2682 1584 2720 nonilunium
1597 2685 1755 2721 incurrit
1777 2687 1817 2721 in
1830 2684 2017 2737 Aprilemo

188 2736 368 2775 Praeterea
377 2746 533 2788 propter
545 2733 717 2783 περήφησιν
736 2744 814 2772 tam
827 2731 1057 2778 πλᾶυοᾱκῖαἳ,
1077 2748 1192 2789 quam
1210 2734 1421 2788 ἰσημερχνῖα),
1449 2749 1531 2775 non
1545 2734 1664 2776 solum
1683 2738 1781 2777 utilis
1793 2765 1804 2782 ‚
1821 2737 1882 2777 sed
1903 2743 2020 2778 etiam

132 2801 138 2808 ’
192 2789 458 2845 pernecessaria
466 2790 526 2829 est.
562 2789 693 2828 Hodie
706 2792 807 2828 enim
819 2793 857 2828 in
869 2790 977 2844 cyclo
990 2795 1091 2830 aurei
1105 2796 1256 2831 numeri
1274 2791 1497 2846 Dionysiam
1514 2792 1746 2832 Lunationes
1762 2808 1905 2834 veteres
1919 2809 2020 2849 quae-

193 2845 283 2885 dam
292 2847 439 2885 inutiles
453 2844 536 2885 sunt
545 2845 592 2884 ad
611 2843 750 2884 Pascha
762 2859 920 2901 propter
932 2847 1212 2902 praecessionem
1223 2850 1536 2903 aequinoctiorum
1547 2854 1584 2887 δε
1594 2849 1799 2894 Lunarem,
1808 2849 2022 2891 cuiusmodi

193 2901 276 2941 sunt
286 2905 415 2955 quaein
430 2915 548 2941 annos
571 2907 639 2943 ιΤιι,
654 2902 706 2943 fi.
725 2903 776 2938 xTx
792 2907 892 2950 aurei
911 2908 1058 2943 numeri
1068 2916 1320 2959 competunt,
1337 2917 1420 2960 qua:
1438 2919 1558 2959 quum
1572 2906 1663 2944 olim
1675 2904 1792 2946 ess'ent
1813 2905 2021 2953 paschales,

196 2957 311 2996 hodie
319 2955 402 2997 sunt
412 2955 720 3000 secundimenfis,
740 2971 824 2998 non
831 2963 964 3014 primi,
984 2966 1160 3000 &earum
1168 2964 1292 3001 vicem
1414 2960 1642 3001 antecedens
1658 2959 1908 3002 ass'umendus.
1939 2964 2022 3003 An-

198 3026 251 3052 no
260 3012 397 3052 Christi
419 3020 519 3051 1606
531 3040 542 3057 ,
561 3011 707 3066 periodi
715 3014 861 3055 Iuliana:
886 3025 994 3065 6319,
1014 3031 1128 3057 aureo
1142 3032 1304 3063 numero
1334 3058 1337 3059 γ
1390 3021 1594 3058 neomenia
1607 3016 1722 3058 Nisan
1745 3031 1823 3058 tam
1836 3019 2023 3074 Dyonyfi0

199 3072 270 3110 ani,
286 3082 400 3121 quam
412 3067 550 3108 Iudaici
562 3067 650 3108 feria
666 3068 836 3124 septima,
857 3073 963 3126 cyclo
977 3072 1071 3113 Solis
1088 3081 1158 3118 m,
1183 3074 1312 3125 Martij
1447 3088 1492 3114 ex
1508 3088 1613 3130 parte
1626 3078 1751 3129 priore
1767 3074 1934 3115 Tabulae.
1964 3077 2023 3118 Ex

201 3135 307 3179 parte
319 3123 520 3178 posteriore
530 3125 631 3164 Adar
647 3124 736 3165 feria
749 3133 784 3172 ῦ,
804 3128 989 3178 Februarij
1014 3135 1097 3165 21*an
1109 3161 1117 3168 .
1151 3131 1184 3169 Is
1199 3130 1301 3170 Adar
1310 3131 1385 3172 hoc
1399 3128 1529 3170 sacculo
1541 3130 1594 3170 est
1607 3130 1801 3171 Paschalis.
1835 3133 2024 3173 Doctrina

201 3183 290 3218 anni
303 3183 393 3219 noui
402 3183 511 3233 ponit
523 3180 598 3220 hoc
611 3182 846 3223 nouilunitun
861 3185 1000 3231 feriaffi
1010 3212 1020 3229 ‚
1039 3185 1188 3225 decima
1199 3186 1327 3237 Martij
1336 3217 1345 3230 ‚
1361 3201 1443 3241 quae
1464 3186 1517 3230 est
1531 3187 1662 3226 ultima
1675 3187 1860 3238 Februarij
1881 3189 2043 3233 Iuliani?

203 3235 340 3290 EpaEta
357 3241 426 3273 ff:
449 3234 599 3291 eiusque
607 3241 657 3276 rei
668 3242 760 3279 ratio
770 3241 986 3281 redditurin
1000 3242 1139 3296 Capite
1147 3242 1194 3282 de
1210 3243 1374 3298 Epat'tis.
1413 3243 1449 3282 Si
1460 3242 1568 3281 serius
1578 3258 1657 3283 uno
1677 3244 1738 3283 che
1750 3246 1946 3294 nouilunia
1958 3259 2026 3302 per

175 3313 188 3327 ·
203 3305 346 3331 nouam
364 3292 540 3347 Epastam
564 3293 820 3349 defignantur,
836 3298 875 3336 id
891 3308 932 3337 ea
945 3302 1063 3352 gratia
1078 3298 1111 3337 se
1130 3297 1251 3339 feciffe
1272 3299 1477 3342 testanuu‘,
1499 3299 1606 3352 quod
1628 3301 1762 3339 malint
1779 3298 1938 3356 peccare
1956 3314 2025 3357 pet

149 3375 152 3380 .
204 3361 370 3389 moram.
392 3362 506 3402 quam
515 3353 906 3405 peranticipationem.
938 3355 1038 3408 Ergo
1050 3368 1095 3393 ex
1109 3354 1181 3395 hac
1189 3355 1360 3395 doctrina
1380 3358 1572 3410 contingit
1590 3360 1797 3396 terminum
1807 3358 2026 3398 paschalem

206 3409 244 3443 in
255 3404 501 3462 pfflenilunium
513 3406 688 3446 incidere.
710 3409 959 3460 quodmirum
972 3408 1087 3448 visum
1103 3410 1154 3449 est
1172 3411 1380 3451 acutissimo
1397 3412 1634 3452 viro'Clauio
1645 3438 1655 3456 ,
1671 3427 1792 3467 quum
1810 3413 2026 3453 Paschalem

197 3472 412 3500 ·terminum
419 3461 603 3501 veteribus
619 3463 867 3517 plenilunium
881 3467 954 3507 dici
970 3481 991 3505 a
1007 3466 1116 3505 nobis
1130 3467 1418 3510 admoneretur,
1440 3466 1590 3522 eiusque
1603 3474 1654 3508 rei
1670 3469 1831 3510 caussam
1848 3466 2026 3522 ineptissu

205 3529 311 3559 mam
321 3515 495 3560 reddidit,
504 3531 620 3571 quam
631 3517 922 3562 confutauimus.
956 3521 1077 3563 Addit
1090 3522 1212 3564 homo
1221 3523 1477 3579 elegantilsuni
1488 3528 1615 3577 ingeni
1612 3528 1627 3574 j
1638 3527 1889 3581 pleniluniain
1899 3523 2027 3578 Ephe-

1524 3580 1562 3620 R
1619 3584 1642 3628 ij
1873 3579 2025 3619 meridi-
