2366 4040
341 226 1006 287 CHRONICORUM
1044 221 1291 276 LIBER
1328 219 1826 277 PosTE‘RIOR„
2085 236 2158 294 *185

241 336 631 397 ROM1DOM·
924 319 1742 375 'CONSULUM

219 434 429 540 Presbydter
439 437 568 533 Sirnl1ii
571 432 812 534 iieeqmffime
824 426 1057 479 decollatur,
1063 429 1176 486 quod
1187 431 1459 473 Ostavianum
1470 445 1520 473 ex
1529 431 1765 487 proconsule
1775 430 1882 487 apud
1890 433 1927 475 se
1936 432 2162 477 latitantem.

279 515 352 556 pro
383 505 447 540 cr'e
457 508 512 536 no
531 507 570 534 ul
625 505 652 533 t.

223 594 318 635 VIII.
422 589 691 646 {CCCLXXHL

228 687 427 742 Didymus
449 672 747 723 Alexandrinus
766 677 893 718 multa
909 675 961 717 de
981 675 1115 716 nostro
1135 675 1330 731 dogmate
1347 692 1418 732 per
1437 669 1630 719 Notarios
1648 679 1944 720 commentatur
1964 697 1971 720 :
1992 681 2062 734 qui
2083 664 2169 734 post

261 758 262 762 ¹
283 744 473 798 quintum
482 739 700 780 nativitatis
711 736 785 776 suae
795 748 948 798 annum
959 733 1178 796 luminibus
1188 733 1350 774 orbatus
1362 735 1655 775 elementorum
1670 750 1832 791 quoque
1842 739 2000 795 ignarus
2012 737 2102 777 fuit.

224 801 411 855 Equitius
423 799 577 839 Comes
588 794 736 851 Illyrici
747 789 997 846 imqu1ffim1s
1007 790 1248 831 tributorum
1260 791 1534 832 exastionibus
1544 804 1636 831 ante
1648 796 1988 850 provincias‚quas
1999 794 2175 850 regebat,

282 870 404 912 quam
417 857 437 896 a
448 854 628 896 Barbaris
636 851 890 894 vastarentur,
900 847 1023 888 erafit.

225 914 449 957 Eunomius
461 909 676 965 discipulus
688 908 799 949 Ae'tii
808 903 1253 956 constantinopolitani
1264 902 1502 958 agnoscitur.
1532 905 1554 943 a
1564 918 1646 957 quo
1658 905 1823 947 Haerefig
1843 909 2144 950 EUNOMIANA,

35 1007 213 1049 ijg
227 1015 274 1050 13<
279 1043 285 1048 ,
430 1006 699 1057 [CCCLXXIV.
774 1003 950 1044 Saxones
961 999 1043 1040 caefi
1055 998 1300 1054 Deuson'ein
1310 1001 1475 1056 regione
1487 1001 1744 1043 Francorum.

229 1108 570 1166 Burgundionum
583 1103 783 1158 ostaginta
793 1100 921 1141 ferme
931 1098 1058 1145 milia,
1067 1097 1179 1152 quod
1191 1112 1399 1153 nunquam
1412 1110 1519 1145 ante,
1531 1099 1583 1139 ad
1592 1101 1787 1142 Rhenum
1799 1100 2100 1143 descenderunt.

231 1166 449 1214 Clearchus
460 1161 669 1204 Praefestus
683 1157 805 1198 Urbis
824 1155 1201 1211 Constantinopolis
1221 1156 1448 1212 agnoscitur
1466 1172 1474 1196 ε
1493 1158 1514 1197 a
1523 1171 1605 1211 quo
1623 1159 1832 1199 necessaria
1844 1164 1881 1201 &
1892 1160 1962 1200 diu
1971 1161 2181 1216 expestata

293 1224 401 1264 votis
412 1235 514 1274 aqua
523 1217 729 1259 inducitur
740 1214 906 1255 civitati.

232 1279 484 1324 Alexandriae
497 1275 704 1317 ordinatur
717 1271 938 1327 Episcopus
955 1270 987 1311 P
1003 1269 1039 1310 *E
1049 1269 1090 1310 T
1101 1269 1198 1310 RU
1210 1271 1234 1311 S
1254 1271 1344 1324 :qui
1362 1270 1449 1325 post
1461 1270 1642 1312 Valentis
1653 1273 1861 1314 interitum
1873 1285 1954 1314 tam
1966 1273 2131 1316 affabilis
2141 1275 2183 1314 in

287 1334 524 1392 recipiendis
533 1332 724 1374 haereticis
736 1330 829 1376 fuit,
842 1340 887 1369 ut
897 1327 1101 1369 nonnullis
1110 1327 1376 1383 suspicionem
1387 1341 1560 1384 acceptae
1571 1332 1750 1383 pecuniae
1758 1331 1948 1372 intulerit.

1 1471 4 1477 f
44 1429 209 1479 {imm-
230 1439 276 1472 X.
432 1429 684 1482 {CCCLXXW

236 1524 413 1567 Melania
424 1519 661 1575 nobilissima
671 1517 883 1557 mulierum
892 1515 1171 1556 Romanarum
1182 1519 1219 1555 ὃς
1230 1506 1414 1556 Marcelli
1425 1508 1634 1569 quondam
1647 1517 1835 1558 Consulis
1846 1517 1923 1558 filia
1935 1546 1945 1564 ,
1958 1519 2079 1559 unico
2091 1518 2188 1559 Prae..

293 1595 379 1623 tore
391 1592 487 1620 tunc
502 1578 655 1618 urbano
667 1574 748 1616 filio
761 1573 952 1614 derelisto
962 1600 973 1619 ‚
988 1570 1278 1627 Jerosolymam
1296 1573 1501 1628 navigavit
1520 1591 1528 1614 2
1550 1574 1620 1616 ubi
1640 1587 1754 1615 tanto
1773 1576 1967 1616 virtutum
1979 1576 2191 1631 praecipue-

292 1653 371 1694 que
384 1635 622 1679 humilitatis
633 1631 826 1674 miraculo
838 1628 929 1677 fuit,
940 1641 989 1669 ut
997 1628 1133 1670 Teclae
1145 1643 1296 1671 nomen
1308 1631 1518 1684 acceperit.

238 1737 296 1772 XI.
440 1728 710 1769 lCCCLXXVI.

240 1823 333 1867 Post
346 1796 675 1863 Auxentiiseram
685 1827 860 1857 mortem
871 1841 883 1861 ,
897 1810 1129 1855 Mediolani
1141 1814 1357 1855 Ambrofio
1380 1814 1582 1870 Episcopo
1602 1817 1822 1858 constituto
1833 1851 1842 1866 ,
1864 1819 1996 1859 omnis
2008 1819 2059 1860 ad
2071 1817 2193 1860 fidem

301 1879 447 1921 ῐεᾶειτη
457 1877 573 1920 Italia
584 1874 844 1925 convertitur.

244 1934 524 1992 Aquilejenses
538 1932 703 1977 Clerici,
713 1928 821 1985 quafi
832 1928 977 1969 chorus
986 1928 1196 1970 beatorum
1207 1928 1418 1970 habentur.

243 1992 485 2037 Theodulus
505 1988 731 2030 miserabilis
756 1986 969 2041 Presbyter
981 2019 990 2033 ,
1009 1985 1109 2026 dum
1127 1986 1310 2028 adversus
1323 1985 1608 2028 conscientiam
1618 1987 1758 2030 furoris
1768 1989 1826 2030 sui
1835 1988 2019 2031 sacrificia
2030 1991 2124 2032 Deo
2135 1989 2195 2031 of-

301 2051 402 2093 ferre
413 2048 549 2095 audet,
564 2048 605 2086 in
615 2045 757 2086 mediis
767 2043 951 2100 precibus
960 2042 1133 2083 eliditur,
2014 2035 2020 2036 ’

248 2157 488 2220 QUIA
550 2154 1100 2201 SUPERIORI
1157 2157 1426 2198 ANNO
1485 2157 1968 2200 SARMATAE
2027 2162 2200 2203 PAN—

341 2228 712 2274 NONIAS
771 2223 1517 2267 VASTAVERANT
1577 2227 1864 2267 IIDEM
1924 2228 2109 2269 CON-

718 2290 1010 2334 SULES
1069 2292 1739 2335 PERMANSERE.

254 2395 558 2438 Valentinianus
569 2392 694 2433 subita
705 2391 903 2446 sanguinis
913 2390 1126 2444 eruptione
1136 2389 1268 2443 ‚quod
1284 2389 1423 2430 Graece
1446 2405 1474 2431 A
1488 2405 1509 2431 P
1520 2405 1545 2430 o
1556 2406 1578 2433 1·
1590 2407 1614 2432 L
1629 2407 1652 2432 E
1665 2407 1690 2432 x
1704 2407 1719 2432 1
1740 2407 1758 2432 s
1782 2402 1959 2440 vocatur,
1976 2394 2200 2449 Brigitione

308 2453 487 2493 moritur.
524 2451 604 2491 GR
616 2466 643 2492 A
657 2464 681 2490 T
692 2464 708 2490 1
723 2464 750 2490 A
762 2462 793 2489 N
805 2461 834 2488 U
845 2462 864 2488 s
881 2446 1078 2502 ass‘umpto
1088 2447 1130 2487 in
1149 2447 1364 2501 imperium
1385 2447 1424 2488 V
1437 2462 1464 2488 A
1476 2463 1501 2488 L
1515 2463 1539 2488 E
1552 2463 1582 2489 N
1594 2463 1617 2488 r
1632 2464 1648 2489 1
1660 2464 1687 2489 N
1699 2464 1713 2489 1
1731 2463 1758 2489 A
1770 2463 1800 2489 N
1813 2463 1839 2488 o
1860 2448 1977 2490 fratre
1989 2478 2000 2497 ,
2023 2465 2116 2492 cum
2134 2466 2202 2507 pa-

311 2522 401 2550 truo
412 2508 583 2549 Valente
594 2518 744 2564 regnat.

254 2566 380 2608 Multi
392 2566 687 2607 Monachorum
700 2562 845 2604 Nitriae
857 2560 1141 2615 perTribunos
1154 2563 1191 2599 ὃ(
1202 2560 1349 2601 milites
1359 2560 1453 2603 caefi.

254 2624 404 2665 Valens
412 2623 546 2678 legem
558 2621 685 2667 dedit,
700 2631 745 2660 ut
756 2617 956 2660 Monachi
966 2617 1192 2657 militarent.

254 2722 330 2756 XII·
453 2718 736 2770 {CCCLXXVII-
800 2711 1301 2811 Th50d0fiu⁵.fssl¹e0d⁰fii
1319 2715 1453 2769 postea
1463 2714 1711 2768 imperatoris
1720 2727 1833 2770 pater
1843 2744 1854 2762 ,
1867 2720 1904 2756 ὃ(
1914 2717 2075 2771 plurimi
2087 2718 2202 2759 nobi«

884 2785 968 2811 ium
980 2784 1069 2810 occi
1087 2784 1109 2809 1.
1393 2792 1398 2793 ν

258 2872 453 2913 Photinus
463 2872 503 2911 in
515 2870 672 2911 Galatia
684 2869 852 2910 moritur
866 2885 873 2909 :
887 2870 907 2909 ὲ
918 2882 1001 2922 quo
1022 2882 1043 2908 Ρ
1055 2882 1082 2907 H
1095 2881 1121 2906 o
1132 2882 1156 2908 Τ
1170 2882 1185 2908 1
1203 2881 1232 2908 N
1245 2882 1260 2908 1
1277 2883 1303 2908 A
1320 2870 1386 2909 N'o
1400 2883 1430 2908 R
1446 2880 1474 2907 U
1487 2882 1523 2907 M
1544 2869 1708 2925 Dogma
1720 2870 1942 2910 indueram.

260 2929 420 2969 Bafilius
433 2926 674 2968 Caesarienfis
684 2926 902 2982 Episcopus
912 2924 1182 2982 Cappadociae
1194 2924 1319 2965 clarus
1328 2925 1507 2966 habetur.

68 3026 247 3058 θὲέξῑέξὲὲὶ·
260 3027 354 3060 XIII.
459 3017 762 3066 {CCCLXXVIIL
807 3022 1096 3084 Alamanorum
1108 3022 1268 3077 triginta
1280 3023 1435 3085 circiter
1446 3023 1554 3086 milia
1575 3023 1683 3078 apud
1703 3026 1981 3081 Argentariam
2000 3027 2198 3082 oppidum

870 3079 1089 3119 Galliarum
1100 3078 1150 3118 ab
1159 3091 1339 3120 exercitu
1353 3080 1536 3120 Gratiani
1546 3080 1668 3121 strata.

258 3176 516 3218 Florentinus
528 3179 565 3215 &
579 3173 776 3221 Bonosus,
800 3180 838 3215 ὃς
859 3175 1030 3217 Rufinus
1045 3175 1214 3230 insignes
1225 3173 1421 3216 Monachi
1433 3177 1630 3218 habentur
1644 3194 1650 3218 :
1663 3181 1683 3219 e
1695 3179 1839 3233 quibus
1849 3180 2104 3222 Florentinus
2118 3193 2197 3221 tam

319 3233 533 3273 misericors
544 3233 585 3272 in
596 3245 746 3287 egenos
758 3231 846 3278 fuit,
860 3245 904 3273 ut
915 3233 1036 3287 vulgo
1047 3244 1157 3287 pater
1167 3247 1385 3287 pauperum
1399 3236 1627 3276 nominatus
1639 3236 1693 3276 fit.

264 3290 375 3330 Gens
396 3291 614 3352 Hunorum
635 3289 799 3351 Gothos
818 3289 943 3330 vastat
961 3307 969 3330 ;
987 3291 1059 3342 qui
1092 3291 1113 3330 εὶ
1133 3289 1329 3331 Romanis
1347 3291 1427 3331 fine
1449 3292 1699 3346 depositione
1719 3307 1920 3334 armorum
1938 3294 2107 3349 suscepti
2125 3309 2196 3349 per

321 3358 521 3387 avaritiam
534 3347 705 3386 Maximi
716 3345 827 3386 ducis
838 3346 889 3387 ad
898 3345 1172 3388 rebellandum
1183 3346 1287 3389 fame
1300 3348 1426 3388 coa&i
1437 3348 1506 3389 sun
1513 3362 1537 3389 t.

260 3445 356 3480 XIV·
460 3444 725 3487 {CCCLXXIX-
805 3445 1004 3507 Superatis
1030 3445 1073 3485 in
1100 3443 1371 3501 congressione
1394 3446 1590 3489 Romanis
1611 3447 1743 3489 Gothi
1765 3448 1990 3489 funduntur
2012 3450 2052 3488 in
2070 3446 2196 3488 Thraa

896 3515 1008 3543 ciam.

1319 3617 1416 3670 (ζει
2043 3616 2193 3660 Valens
