2366 4040
400 271 1153 317 CHRONICORUM
1210 272 1495 316 LIBER
1554 276 1863 319 PRIOR.
2052 294 2094 331 51

161 345 353 388 Proculus
364 342 606 385 Maffilienfis
618 342 833 397 Episcopus
842 341 965 382 clarus
974 341 1154 389 habetur,
1167 357 1248 397 quo
1257 355 1460 384 annuente
1469 371 1480 390 ,
1501 357 1644 399 magna
1655 343 1705 384 de
1716 344 1740 383 s
1733 344 1891 398 uspesto
1901 345 2099 389 adulterio

278 402 469 443 Remedii
479 398 666 454 Episcopi
676 401 838 453 quaestio
847 399 1029 454 agitatur.

163 460 281 501 XVI.
313 461 402 500 Hac
414 456 643 510 tempestate
654 472 730 512 prae
742 456 972 497 valetudine
983 455 1265 497 Romanorum
1276 458 1375 499 vires
1388 458 1570 499 funditus
1582 470 1792 499 attenuata:
1805 459 2029 499 Britanniae.

220 518 417 557 Saxonum
425 513 651 554 incursione
662 514 904 554 devastatam
916 512 1133 553 Galliarum
1146 526 1299 568 partem
1309 515 1481 556 Vandali
1492 528 1611 570 atque
1622 515 1741 555 Alani
1751 516 1959 557 vastavere.
1972 515 2100 569 Qod

275 572 468 624 reliquum
478 569 606 611 fuerat
616 582 628 616 ¹,
651 571 911 610 Constantius
920 569 1133 625 Tyrannus
1145 567 1362 612 obsidebat.

217 628 415 683 Hispaniae
424 639 577 681 partem
592 628 805 667 maximam
817 627 938 667 Suevi
955 641 1216 682 occupavere.
1247 629 1333 683 Ipsa
1344 629 1521 684 denique
1539 629 1644 670 orbis
1659 641 1780 684 caput
1792 630 1931 670 Roma
1951 630 2099 684 deprae-

272 685 425 725 dationi
437 684 668 724 Gothorum
681 683 891 724 foediffime
903 684 1043 739 patuit.

159 742 294 784 XVII.
330 741 620 782 Constantinus
630 740 843 796 Tyrannus
853 740 1063 781 occiditur.

156 798 316 839 XVIII.
348 797 522 839 Rursum
535 799 608 838 alia
616 798 808 853 praedatio
817 798 1037 838 Galliarum
1048 827 1058 845 ‚
1072 799 1231 848 Gothis,
1246 801 1316 855 qui
1328 801 1489 841 Alarico
1501 801 1604 842 duce
1615 801 1791 842 Romam
1803 813 1991 855 ceperant
2000 829 2011 847 ‚
2033 800 2102 841 Al-

269 869 339 910 pes
351 855 739 911 transgredientibus.

155 913 275 953 XIX.
298 912 469 967 Jovinus
481 911 732 966 tyrannidem
743 913 832 966 post
845 912 1157 951 Constantinum
1169 913 1336 951 invadit.
1366 913 1562 952 Industria
1575 916 1649 953 viri
1662 915 1805 955 strenui
1817 943 1828 961 ‚
1849 915 1919 969 qui
1931 914 2032 954 solus
2044 926 2104 970 ty-

270 984 395 1009 ranno
407 984 490 1009 non
501 969 619 1014 cessit‚
632 967 1049 1013 Dardani‚Atavulfus,
1061 968 1132 1020 qui
1141 968 1227 1020 post
1242 968 1447 1007 Alaricum
1458 969 1606 1008 Gothis
1615 971 1667 1009 im
1673 972 1906 1024 peritabat‚a
1914 972 2101 1012 societate

264 1025 403 1080 Jovini
414 1027 613 1065 avertitur.
647 1023 845 1064 Sallustius
857 1038 1020 1078 quoque
1033 1028 1070 1063 &
1083 1024 1331 1064 Sebastianus
1341 1025 1470 1065 occisi.

210 1082 396 1124 Valentia
416 1080 652 1122 nobiliffima
670 1080 890 1122 Galliarum
908 1081 1045 1122 civitas
1056 1082 1077 1121 a
1088 1081 1236 1122 Gothis
1254 1081 1478 1137 effringitur
1488 1110 1500 1129 ,
1522 1082 1573 1122 ad
1582 1097 1703 1136 quarn
1722 1082 1880 1138 fugiens
1891 1084 1926 1124 se
1933 1084 2104 1138 Jovinus

270 1139 501 1179 contulerat.
1402 1163 1404 1165 >

155 1196 252 1237 XX.
284 1196 482 1250 Ingensin
495 1195 625 1235 Gallia
636 1194 770 1235 fames.

209 1253 432 1306 Aquitania
445 1252 592 1292 Gothis
605 1252 758 1293 tradita.

208 1309 412 1350 Patroclus
423 1309 662 1350 Arelatensis
674 1308 892 1364 Episcopus
900 1308 1042 1349 infami
1054 1320 1233 1350 mercatu
1243 1309 1462 1351 sacerdotia
1469 1310 1678 1351 venditare
1689 1325 1735 1350 au
1741 1311 1811 1350 sus.

209 1365 420 1407 Heraclius
432 1367 585 1406 Comes
597 1366 744 1408 Africae
755 1394 767 1413 ,
788 1367 858 1420 qui
867 1367 909 1406 in
919 1366 1116 1407 Romanae
1128 1366 1253 1407 Urbis
1269 1368 1562 1423 reparationem
1574 1368 1775 1408 strenuum
1785 1367 2019 1410 exhibuerat
2031 1369 2102 1408 rni-

267 1423 481 1471 nisterium‚
496 1437 602 1464 nova
611 1423 792 1478 quaedam
804 1423 967 1464 molitus
977 1424 1231 1464 interimitur.

151 1479 271 1529 XXI.
303 1479 477 1521 Placidia
486 1481 594 1521 soror
605 1482 861 1536 Imperatoris
871 1480 941 1520 diu
954 1482 1131 1536 captiva,
1143 1483 1279 1536 postea
1290 1484 1412 1523 etiam
1424 1483 1549 1538 Regis
1559 1496 1659 1522 uxor
1669 1511 1680 1529 ,
1700 1482 1817 1537 Rege
1831 1480 1968 1522 fraude
1981 1481 2020 1521 su
2027 1481 2104 1522 bla-

267 1549 324 1583 to,
336 1538 569 1578 Constantis
580 1539 785 1579 connubio
800 1538 1020 1594 copulatur.

151 1593 296 1635 XXII.
326 1594 476 1642 Gothi,
487 1609 613 1650 quum
624 1595 662 1635 se
670 1596 830 1644 iterum,
843 1595 1039 1638 Atavulfo
1047 1608 1259 1651 perempto
1270 1625 1281 1643 ,
1294 1597 1505 1638 movissent
1517 1625 1527 1643 ‚
1539 1597 1775 1638 Constantis
1786 1596 2030 1651 repelluntur
2040 1610 2106 1635 oc-

267 1651 388 1692 cursu.

151 1707 306 1748 XXIII
310 1742 317 1748 ,
348 1709 716 1751 Praedestinatorum
727 1710 876 1750 haerefis
886 1742 898 1760 ‚
917 1725 1004 1765 quae
1015 1711 1064 1751 ab
1075 1711 1290 1766 Augustini
1300 1711 1408 1752 libris
1419 1710 1521 1751 male
1533 1711 1744 1753 intellestis
1755 1709 1945 1765 accepisse
1957 1709 2104 1749 dicitur

266 1765 440 1813 initium,
453 1767 512 1806 his
525 1767 770 1822 temporibus
781 1767 932 1822 serpere
942 1768 1086 1808 exorsa.

151 1821 316 1863 XXIV.
347 1823 590 1864 Tricefimus
600 1838 731 1864 nonus
741 1824 889 1879 Xystus
897 1825 1128 1866 Romanam
1141 1825 1356 1866 Ecclesiam
1369 1826 1481 1881 regit.

152 1878 294 1919 XXV.
325 1879 359 1919 F
370 1894 396 1919 A
409 1895 439 1920 R
455 1896 481 1921 A
496 1894 532 1919 M
543 1895 568 1920 u
581 1897 611 1921 N
622 1896 649 1921 D
659 1895 684 1920 u
698 1897 716 1922 s
738 1893 878 1936 regnat
888 1882 931 1921 in
944 1882 1121 1922 Francia.

152 1934 315 1975 XXVI.
347 1936 445 1976 Solis
456 1936 557 1976 fasta
568 1937 742 1977 defe6fio
752 1938 830 1977 hoc
839 1940 957 1977 anno.

153 1990 338 2031 XXVII.
373 1992 540 2047 Signum
554 1994 595 2032 in
608 1994 702 2032 caelo
715 1993 892 2034 mirabile
903 1994 1094 2048 apparuit.

210 2048 413 2087 Maximus
422 2049 631 2102 Tyrannus
643 2049 925 2102 Hispaniarum
937 2050 1193 2090 dominatum
1203 2051 1246 2091 vi
1256 2050 1427 2091 obtinet.

151 2102 361 2143 XXVIII.
393 2104 648 2150 Honoratus,
669 2106 919 2150 Minervius,
941 2106 1105 2151 Castor,
1117 2106 1312 2159 Jovianus
1324 2106 1567 2162 singulorum
1579 2107 1908 2146 monasteriorum
1918 2107 2051 2147 Patres
2062 2108 2103 2146 in

270 2158 409 2198 Galliis
421 2159 579 2200 florent.

152 2214 320 2255 XXIX.
352 2217 592 2256 Constantio
605 2217 778 2272 dignitas
789 2218 949 2273 imperii
960 2218 1009 2258 ab
1021 2219 1212 2259 Honorio
1223 2218 1365 2274 sponte
1378 2218 1521 2266 delata,
1534 2233 1612 2273 qua
1623 2221 1690 2259 vix
1703 2219 1796 2259 0610
1808 2220 2007 2260 mensibus
2016 2220 2103 2260 usus

268 2273 433 2318 interiit,
445 2273 732 2314 Valentiniano
743 2275 836 2313 octo
848 2288 1043 2315 annorum
1057 2274 1138 2314 filio
1149 2275 1351 2316 derelisto.

153 2327 295 2368 XXX.
329 2329 533 2369 Maximus
541 2329 753 2384 Tyrannus
765 2330 816 2370 de
834 2345 960 2387 regno
973 2331 1158 2386 dejicitur
1169 2360 1180 2378 ,
1199 2347 1244 2372 ac
1254 2334 1494 2374 Ravennam
1511 2333 1726 2388 perdustus
1738 2333 1947 2375 sublimem
1960 2334 2103 2389 speffii-

269 2387 448 2425 culorum
461 2401 653 2441 pompam
665 2388 947 2428 tricennalibus
958 2390 1137 2429 Honorii
1149 2390 1326 2444 praebuit.

154 2442 318 2482 XXXI.
353 2443 542 2490 Placidia,
556 2458 680 2497 quum
694 2444 850 2484 infidias
861 2444 968 2485 fratri
981 2446 1166 2486 tenderet
1175 2474 1187 2493 ,
1199 2446 1443 2502 deprehensa
1454 2448 1509 2488 est
1520 2475 1531 2495 ‚
1545 2452 1582 2487 &
1594 2448 1772 2489 Romam
1785 2448 1907 2489 exilio
1918 2448 2102 2504 relegata.

153 2498 338 2538 XXXII.
370 2499 578 2540 Honorius
588 2502 800 2542 Ravennae
811 2502 1022 2543 defundus
1033 2503 1098 2543 est.
1383 2526 1385 2528 ·

210 2556 253 2596 N
259 2555 338 2595 ullo
344 2557 430 2609 jure
445 2557 839 2612 debitumJohannes
849 2573 898 2599 ex
912 2560 1143 2600 Primicerio
1154 2561 1420 2601 Notariorum
1433 2575 1598 2616 regnum
1610 2562 1729 2603 sumit
1742 2579 1749 2603 :
1769 2563 1839 2616 qui
1850 2562 2101 2603 vulneratum

269 2614 403 2653 multis
415 2614 593 2654 cladibus
604 2615 765 2669 reliquit
775 2616 999 2670 imperium.

153 2667 231 2709 Tu
246 2684 409 2711 EoDos
428 2687 442 2711 1
458 2685 485 2710 U
501 2686 518 2711 s
541 2686 816 2712 annosxxvn.

154 2725 186 2765 I.
211 2726 392 2766 'Placidia
403 2727 453 2766 ad
464 2727 742 2768 Theodosium
753 2728 897 2768 auxilia
908 2740 1113 2782 precatum
1126 2731 1263 2781 miscit-

213 2783 458 2837 Sigisvuldus
471 2784 521 2824 ad
536 2784 714 2824 Africam
727 2797 864 2825 contra
877 2785 1089 2827 Bonifaciu
1120 2783 1385 2842 J'properavit.

155 2837 210 2877 ΙΙ.
241 2841 259 2878 Ι
265 2854 289 2878 n
299 2839 436 2880 Galliis
446 2842 736 2896 Exuperantius
744 2841 952 2882 Praefectus
960 2844 981 2882 a
992 2842 1109 2882 militi
1141 2857 1184 2882 us
1194 2843 1439 2884 interficitur.

213 2895 337 2934 Muro
347 2897 553 2953 Carthago
562 2898 805 2945 circundata,
815 2913 901 2953 quae
913 2913 960 2939 ex
971 2910 1254 2954 tempore2quo
1264 2911 1380 2941 vetus
1389 2900 1453 2940 illa
1464 2899 1657 2942 destrusta
1667 2900 1937 2946 est‚sanffione
1946 2902 2100 2943 Roma-

274 2965 429 2998 norum,
443 2969 493 2994 ne
507 2956 712 2996 rebellioni
724 2955 831 3002 estet,
845 2957 1100 2997 munimento
1110 2971 1315 2998 murorum
1327 2972 1409 2997 non
1420 2958 1475 2998 est
1488 2957 1667 3012 permista
1675 2958 1820 2998 vallari.

207 3004 394 3058 Johanne
407 3009 454 3047 ab
466 3013 641 3051 exercitu
655 3013 838 3053 Orientis
848 3013 955 3053 vieto
968 3018 1239 3069 &perempto‚
1251 3016 1448 3055 Ravenna
1461 3014 1759 3069 depraedatione
1772 3016 1916 3055 vastata
1927 3016 1993 3056 est.

215 3062 359 3102 Aetius
372 3065 594 3106 Gaudentii
605 3069 781 3109 Comitis
792 3070 833 3110 in
848 3069 987 3110 Galliis
998 3072 1018 3110 a
1029 3071 1221 3113 militibus
1232 3072 1349 3112 occisi
1368 3071 1469 3112 filius
1480 3086 1573 3112 cum
1587 3071 1773 3113 Chunnis
1782 3072 1962 3126 Johanni
1974 3087 2095 3127 opem

273 3118 418 3160 laturus
430 3121 583 3162 Italiam
595 3125 825 3178 ingreditur.

159 3176 178 3214 I
183 3175 234 3214 II.
266 3174 567 3219 Valentinianus
577 3181 722 3220 Romae
733 3182 947 3234 imperator
958 3181 1090 3223 fastus.

159 3231 231 3271 IV.
266 3233 400 3273 Arelas
411 3236 430 3274 a
442 3235 589 3275 Gothis
600 3251 670 3291 per
682 3237 846 3277 Aetium
858 3238 1054 3280 liberatur.

159 3287 210 3328 V.
239 3289 413 3331 Placidia
431 3291 593 3332 tandem
606 3305 746 3347 optato
758 3294 862 3334 illata
869 3310 1006 3350 regno.

217 3345 415 3386 Chlodius
426 3361 564 3403 regnat
574 3350 615 3389 in
628 3350 801 3390 Francia.

160 3400 232 3441 VI.
263 3403 461 3497 ἓειίῌαηυς
469 3419 692 3469 compertas
703 3408 744 3447 in
757 3408 937 3464 JEgypto
948 3411 1046 3452 vitas
1056 3412 1215 3452 Parrum
1230 3411 1503 3468 dostrinasque
1517 3417 1554 3453 ὃς
1562 3413 1713 3469 regulas
1724 3413 1830 3454 libris
1841 3413 1892 3454 ad
1900 3414 2091 3468 plurimos

304 3470 373 3500 atis
387 3475 566 3516 exponit.

158 3514 197 3553 V
201 3515 242 3554 II
246 3547 253 3553 .
286 3516 426 3556 Aetius
437 3519 731 3576 Ihutungorum
741 3534 904 3579 gentem
915 3508 1047 3566 delere
1060 3526 1247 3566 intendit.

157 3570 276 3613 VIII.
307 3572 463 3628 Viginti
475 3574 598 3618 ferme
610 3580 719 3620 milia
728 3581 900 3622 militum
917 3583 958 3623 in
969 3582 1173 3638 Hispaniis
1186 3582 1539 3627 contraVandalos
1549 3585 1816 3640 pugnantium
1829 3583 1956 3679 εεείὲι.ν
2010 3639 2035 3679 d
2063 3641 2071 3680 l

1160 3641 1193 3680 E
1228 3655 1247 3681 2
1957 3653 2006 3680 an
2039 3655 2059 3681 a
2080 3642 2090 3681 i
