2366 4040
637 205 1485 276 CHRONICON.

176 313 224 356 sti
235 311 351 354 fonte
362 311 504 352 ablutae
511 306 611 354 sunt,
620 306 884 358 omniumque
897 303 1025 355 bapti-

178 364 358 412 zatorum
370 369 410 408 in
421 364 565 407 tunicis
585 374 680 402 crux
694 360 842 401 Christi
861 359 1026 400 salvato-

177 428 249 473 ris,
270 422 487 466 divinitatis
502 428 599 459 nutu
612 447 624 465 ‚
637 415 838 470 extemplo
851 414 1028 469 impressa

179 479 345 524 refulfit.

243 568 762 609 INDICTIONE
820 556 914 598 ΙΙΙ.

210 633 385 686 Theodosio
400 645 460 672 lx.
480 631 526 679 (ῤ’
543 629 737 681 Constantio
764 638 837 666 111.
858 624 944 681 Coffi

126 716 317 759 Romanae
330 709 500 751 ecclefiae
512 708 742 749 Bonifacius
752 722 814 748 xc·
826 705 1033 759 episcopus

181 770 385 812 ordinatus
398 768 498 807 vixit
519 766 629 806 annis
649 764 784 805 tribus.
806 761 850 801 In
863 762 1034 801 Oriente

180 825 392 867 tumultum
404 823 546 862 milites
557 822 794 866 excitarunt,
811 818 1040 859 duetorem-

179 893 261 934 que
273 878 383 919 suum
397 878 664 918 Maximinum
675 876 834 915 nomine
846 874 1039 913 exstinxe-

179 946 284 976 runt.
294 933 342 975 In
354 933 507 975 Perside
516 934 556 973 in
568 931 815 973 Christianos
822 929 1041 983 persecutio

183 989 358 1032 desaevit.

247 1096 786 1137 INDICTIONE
844 1088 928 1132 IV·

322 1164 503 1216 Eustatloc'o
513 1165 558 1212 ὠ
570 1163 762 1218 tAgi‘icola
770 1159 856 1215 Coss.⁸

137 1250 497 1306 Theodofiuslmp.
520 1250 742 1291 Eudociam
757 1247 953 1288 Achiuam
974 1247 1046 1287 du-

191 1312 437 1352 xituxorem.
459 1307 664 1348 Archadio
684 1306 785 1359 patri
808 1302 878 1344 suo
901 1303 940 1342 in
953 1301 1046 1343 foro

191 1368 294 1418 ejus,
305 1363 414 1418 super
427 1362 635 1403 immanem
646 1362 873 1401 columnam
885 1388 897 1407 ,
908 1359 1045 1413 ingen-

189 1432 271 1462 tem
292 1419 455 1460 statuam
481 1419 588 1459 idem
612 1415 867 1458 Theodofius
883 1417 1046 1456 dedica-

189 1478 260 1518 vit.
280 1474 457 1515 Cisterna
469 1475 575 1515 Ae'tii
585 1472 807 1514 construsta
818 1472 883 1514 est.
898 1472 1047 1514 Roma-

193 1533 237 1574 ni
248 1545 340 1573 cum
351 1528 472 1576 Persis
483 1529 712 1571 conflixere.

269 1638 800 1679 INDICTIONE
863 1632 916 1674 V.

263 1710 413 1748 Honorio
422 1718 522 1747 XIII.
544 1703 589 1751 ῤ’
600 1709 634 1743 T
629 1702 827 1758 heodosiox.
840 1701 925 1758 Coff.

143 1793 397 1836 Theodosius
410 1795 510 1846 Imp.
531 1791 758 1832 Eudoxiam
771 1791 891 1831 filiam
903 1789 1053 1843 genuit.

198 1851 246 1890 In
257 1849 486 1890 tricennalia
501 1847 677 1886 Honorii
687 1874 698 1892 ‚
714 1845 912 1885 Maidmus
922 1857 1056 1897 tyran·

201 1919 274 1945 nus
287 1905 502 1955 &jovinus
516 1900 618 1940 ferro
630 1900 907 1944 vi&i‚addu&i
918 1900 970 1939 de
983 1899 1057 1938 Hi-

203 1960 329 2013 spanis
342 1971 461 2013 atque
474 1954 671 1996 interfefh
683 1955 920 1996 sunt.Hunni
930 1954 1058 1994 Thra-

202 2017 301 2055 ciam
327 2014 586 2055 vastaverunt.
611 2009 733 2052 Persae
753 2024 844 2051 cum
866 2009 1059 2052 Romanis

203 2083 341 2125 pacem
353 2071 554 2124 pepigere.

259 2173 793 2231 *INDIICT10NE
853 2167 935 2209 V1.

290 2240 551 2296 tssfilepiodoto
563 2241 607 2288 όν
617 2243 823 2282 Mariniano
833 2236 919 2293 Coffl
930 2247 932 2249 '

155 2325 383 2367 Caelestinus
403 2325 595 2369 Romanae
604 2324 774 2365 ecclefiae
784 2339 866 2364 xm.
887 2322 1056 2363 Antistes

211 2392 364 2421 creatus
375 2382 443 2428 est,
453 2382 551 2420 vixit
562 2394 684 2420 annos
696 2393 749 2420 ix.
767 2381 954 2432 Evagrius
969 2379 1057 2419 scri-

208 2436 280 2488 pfit
318 2436 611 2476 altercationem
642 2436 771 2490 Judaei
809 2435 979 2475 Simonis
1018 2439 1056 2475 &

207 2491 428 2545 Theophili
441 2491 654 2532 Christiani
665 2520 677 2540 ‚
699 2505 789 2545 quae
803 2493 907 2544 pene
923 2492 1057 2530 omni-

210 2546 280 2587 bus
293 2558 386 2587 nota
397 2547 463 2586 est.
478 2546 750 2588 Terraemotus
763 2547 895 2586 multis
909 2548 946 2585 in
959 2546 1058 2585 locis

209 2601 305 2650 fuit,
319 2607 356 2644 ἃ(
369 2601 525 2655 frugum
536 2603 669 2643 inedia
681 2601 892 2651 subsecuta.
907 2602 1057 2654 Philip·

211 2671 284 2710 pus
296 2663 333 2698 &
354 2658 537 2698 Salustius
549 2658 779 2711 philosophi
789 2657 928 2697 morbo
937 2658 1059 2709 perie-

210 2724 314 2753 runt.
334 2713 442 2753 stella
461 2714 558 2766 saepe
569 2714 733 2753 ardente
747 2713 887 2752 crinita
910 2713 1061 2753 Hono-

213 2768 397 2822 riuslmp.
411 2767 527 2808 fatale
540 2781 682 2808 munus
694 2768 885 2822 implevit.

260 2871 785 2913 INDICTIONE
845 2869 961 2913 VII.

395 2955 527 2995 Videre
537 2956 582 3002 ῤ’
602 2958 735 3010 Cqstino
745 2954 830 3011 Coffi

160 3041 335 3083 Placidia
348 3050 468 3080 mater
479 3040 751 3082 Valentiniani
773 3042 948 3096 Augusta
967 3056 1068 3082 nun-

216 3107 358 3151 cupata
369 3095 435 3135 est.
456 3096 761 3137 Valentinianus
779 3097 905 3136 Caesar
915 3108 1065 3136 creatus

216 3150 441 3193 Theodosii
462 3151 561 3203 Imp.
586 3152 811 3192 Eudoxiarn
835 3151 955 3191 filiam
978 3150 1064 3190 sibi-

219 3206 1065 3260 metdesponsavit‚JoannesregnumOcci-

219 3263 377 3304 dentale
390 3262 580 3303 Honorio
591 3261 777 3304 defuneto
788 3261 937 3303 invasit.

253 3364 777 3409 INDICTIONE
837 3366 979 3409 VIII.

223 3451 399 3505 Theodosio
413 3466 469 3492 ix.
488 3453 532 3499 ά·
545 3453 780 3494 mles-nimam
792 3451 917 3505 Castro
929 3451 1013 3507 Coff.

171 3533 574 3588 SuprafatusJoannes
597 3534 696 3575 dolo
708 3536 840 3588 potius
859 3533 1069 3576 Ardaburis

1934 240 1983 279 39

1125 306 1164 341 δε
1183 299 1358 354 Asparis‚
1379 298 1497 352 quam
1514 296 1655 336 virtute
1665 294 1879 336 occiditur.
1897 294 1978 336 Va-

1123 357 1361 398 lentinianus
1379 355 1514 408 junior
1544 353 1652 406 apud
1675 352 1906 392 Ravennam
1929 350 1986 391 sa-

1124 414 1206 454 &us
1219 410 1274 452 est
1287 411 1516 464 Imperator.

1193 510 1721 550 INDICTIONE
1780 504 1869 544 IX.

1150 580 1327 634 Theodofio
1339 593 1437 623 x111.
1450 580 1493 626 ά·
1507 579 1747 621 Valentiniano
1758 591 1772 616 1
1782 591 1810 616 1.
1826 575 1911 631 Coffl

1075 652 1261 693 Silinnius
1273 653 1331 691 vir
1342 649 1741 701 saneraefimplicitatis
1754 679 1766 697 ,
1785 652 1823 689 ὅ(
1844 648 1988 702 simpli·

1125 711 1180 749 cis
1200 707 1408 748 sanffitatis
1421 735 1432 754 ‚
1455 705 1929 759 Constantinopolitanus
1948 718 1989 744 e-

1137 765 1324 819 piscopus
1335 761 1462 804 fastus
1472 761 1542 811 est.

1219 851 1751 891 INDICTIONE
1812 847 1867 888 X.

1290 932 1411 970 Hierio
1421 929 1465 976 (ῤ’
1479 928 1694 971 cArdabure
1703 927 1788 982 Coffi

1083 1017 1297 1060 Pannoniae
1307 1031 1395 1071 quae
1414 1029 1483 1070 per
1496 1016 1788 1069 quinquaginta
1808 1031 1931 1058 annos
1950 1016 1998 1057 ab

1140 1074 1303 1115 Hunnis
1324 1072 1614 1118 retinebantur,
1635 1073 1658 1110 a
1674 1072 1867 1112 Romanis
1891 1087 2002 1113 rece-

1142 1142 1221 1183 ptae
1239 1129 1342 1170 sunt.
1366 1127 1551 1169 Thermae
1572 1126 1867 1170 Theodofianae
1886 1128 2001 1168 dedi-

1142 1197 1247 1227 catae.

1205 1284 1733 1324 INDICTIONE
1795 1281 1882 1321 XI.

1353 1356 1464 1396 Felice
1472 1355 1517 1403 ό*
1528 1360 1641 1395 Tauro
1651 1352 1736 1412 COff·

1088 1436 1304 1478 Nestorius
1315 1435 1527 1476 Antiochia
1539 1438 1728 1492 natus,vir
1740 1436 1827 1477 satis
1837 1435 2004 1488 quidem

1147 1494 1413 1547 eloquentiae,
1447 1493 1641 1545 sapientiae
1662 1495 1757 1533 vero
1780 1506 1918 1547 parum
1940 1493 2007 1532 ha-

1146 1550 1269 1596 bens,
1301 1548 1762 1603 Constantinopolitanis
1790 1548 2010 1589 admodum

1148 1605 1436 1652 adnitentibus,
1471 1618 1521 1644 ex
1548 1606 1781 1661 presbytero
1799 1604 2011 1658 episcopus

1143 1663 1349 1702 ordinatus
1360 1660 1426 1701 est.
1452 1660 1660 1702 Beatiffimi
1680 1662 1841 1714 Joannis
1861 1663 2014 1715 epilco-

1147 1718 1214 1771 pi,
1234 1718 1388 1758 dudum
1401 1717 1592 1757 malorum
1613 1718 2012 1771 episcoporuminvi-

1150 1774 1215 1814 dia
1229 1773 1378 1813 exulati
1391 1800 1401 1818 ‚
1414 1772 1522 1825 apud
1533 1774 1786 1814 Comitatum
1796 1774 1922 1827 coepit
1935 1786 2012 1813 me-

1151 1830 1276 1869 moria
1297 1826 1486 1868 celebrari
1514 1828 1648 1869 mense
1670 1828 1920 1883 Septembrio
1944 1829 2010 1869 die

1154 1897 1275 1924 xxvi.

1197 1969 1722 2012 INDICTIONE
1784 1971 1906 2012 XII.

1176 2022 1195 2043 ·
1317 2042 1490 2082 Florentio
1500 2043 1544 2089 ὦ*
1556 2042 1707 2099 Dionyfio
1719 2039 1806 2095 Cqffi

1101 2118 1337 2173 orthodoxi
1349 2121 1470 2160 nostri
1485 2121 1877 2161 Macedonianorum
1887 2122 2012 2162 eccle-

1154 2175 1243 2214 siam
1254 2187 1364 2215 extra
1386 2189 1518 2216 muros
1534 2177 1640 2215 urbis
1663 2175 1828 2227 pofitam
1850 2177 2015 2218 abstule-

1155 2242 1267 2279 runt,
1291 2233 1481 2285 quoniam
1495 2232 1616 2271 iidem
1630 2231 1922 2272 Macedoniani
1935 2235 2014 2273 An-

1154 2288 1338 2328 toninum
1350 2287 1768 2328 GermisCatholicum
1779 2288 2014 2342 episcopum

1153 2342 1450 2384 interfecerunt.
1501 2342 1745 2383 Beatissimus
1772 2345 2015 2396 Augustinus

1156 2398 1430 2452 Hipponenfis
1489 2398 1662 2440 ecclesiae
1711 2399 2015 2453 elegantiffimus

1155 2453 1302 2495 Christi
1315 2455 1514 2502 sacerdos,
1535 2456 1761 2508 dodotque
1771 2458 2008 2510 praecipuus,

1154 2522 1283 2550 morte
1295 2511 1452 2563 placida
1464 2511 1627 2564 quievit.

1185 2607 1716 2647 INDICTIONE
1778 2606 1927 2648 XIII.

1166 2681 1201 2715 T
1197 2674 1342 2729 heodcfio
1353 2690 1416 2716 ΧΠ
1424 2690 1453 2715 1.
1468 2676 1513 2722 ὠ
1524 2678 1763 2717 Valentiniano
1774 2691 1808 2717 11
1816 2692 1844 2717 1.
1863 2675 1948 2731 Coffi

1103 2756 1469 2810 Theodofiuslmp.
1496 2758 1726 2798 tricennalia
1746 2758 1864 2812 gessit.
1898 2758 2015 2800 Felix

1161 2814 1267 2866 apud
1285 2812 1514 2852 Ravennam
1536 2814 1748 2854 occiditur.
1780 2814 2016 2856 Caelestinus

1161 2869 1354 2909 Romanae
1374 2869 1471 2908 arcis
1484 2867 1691 2921 pontifex,
1711 2869 1755 2909 N
1759 2869 1905 2909 estorio
1925 2883 2014 2923 pra-

1162 2922 2015 2978 vitatisepiscopoperepistolamsuam‚datis

1163 2981 1295 3020 eidem
1309 2994 1346 3020 x.
1358 2979 1510 3020 dierum
1522 2981 1689 3021 induciis
1699 3009 1711 3028 ‚
1723 2982 1786 3021 vel
1799 2983 2014 3034 poenitenti

1161 3037 1315 3075 veniam
1336 3067 1346 3082 ,
1373 3035 1437 3074 vel
1458 3034 1699 3076 dissentienti
1719 3037 2015 3078 damnationem

1161 3090 1718 3132 denunciat.1demNestorius
1728 3091 2016 3134 ecclefiaeC0n‚

1160 3146 1518 3198 stantinopolitanae
1530 3146 1700 3199 perfidus
1711 3148 1917 3196 Antistes‚a
1930 3163 2015 3203 quo

1159 3205 1198 3241 &
1219 3200 1460 3241 Nestoriana
1477 3201 1640 3254 perfidia
1660 3203 1891 3257 pullulavit,
1908 3205 2018 3258 apud
2060 3224 2063 3227 ¹

1160 3256 1357 3310 Ephesum
1376 3257 1599 3298 ducentorsi
1617 3258 1835 3300 sanctorum
1862 3271 2016 3313 patrum

1162 3312 1353 3353 sententia
1377 3314 1415 3351 in
1441 3313 1607 3367 Synodo
1627 3315 1917 3355 condemnatus
1935 3316 2013 3363 est,

1165 3367 1381 3408 Caelestino
1403 3368 1601 3421 Cyrillum
1621 3371 1898 3411 Alexandrinae
1918 3372 2014 3410 civi-

1114 3449 1121 3454 ·
1166 3425 1256 3463 tatis
1276 3423 1503 3478 episcopum
1526 3439 1600 3479 pro
1622 3438 1802 3479 tempore
1822 3427 2012 3467 vicarium

1168 3480 1457 3519 denunciante:
1478 3481 1516 3520 in
1532 3483 1664 3522 locum
1684 3482 1863 3522 Nestorii
1881 3483 2009 3523 Maxi-

1168 3535 1316 3576 mianus
1330 3535 1537 3591 episcopus
1550 3537 1604 3578 est
1617 3538 1856 3591 subrogatus.

1620 3592 1641 3606 Γ

1622 3592 1657 3632 L
1932 3591 2009 3632 IN-
