2366 4040
203 1055 454 1163 JULI
492 1054 972 1134 CAEsARrs
1008 1047 1850 1144 ABURDENFILI,

40 1172 41 1175 =
63 1169 79 1178 υ-

60 1247 2008 1359 ANIMADVERSIONES

423 1443 517 1523 In
583 1439 1166 1549 Chi-onologica
1220 1442 1289 1521 E
1310 1470 1367 1519 U
1389 1470 1421 1520 s
1442 1470 1489 1521 E
1513 1470 1557 1520 B
1578 1441 1630 1520 Ι.

144 1613 599 1694 ’.ΟΟΝὸΙΙΑθΙΠΜ
633 1648 1039 1696 AUCTORIS‚
1072 1649 1159 1691 ET
1190 1648 1378 1694 FINIS
1414 1638 1889 1694 SCRIPTIONIS.

400 1774 568 1819 Ntequam
596 1770 635 1804 ad
658 1771 723 1804 haec
753 1770 918 1804 Chronica
932 1770 1009 1804 illu-

403 1821 526 1855 stranda
537 1819 743 1867 aggredimur
755 1841 764 1856 ‚
782 1817 908 1852 fortass'e
919 1820 936 1852 a
946 1832 1008 1851 no—

401 1871 448 1905 bis
461 1867 616 1917 quispiam
625 1869 679 1900 illa
688 1867 763 1900 trita
772 1868 936 1914 exegerit,
945 1871 975 1901 &
990 1867 1007 1899 ὲ

403 1919 500 1966 vulgo
509 1916 700 1962 scriptorum
711 1913 854 1962 usurpata
865 1937 874 1953 ‚
894 1916 935 1949 de
954 1927 1009 1947 au-

406 1967 502 2003 &oris
514 1966 587 2004 vita,
600 1965 664 2010 ejus
676 1965 828 2011 operibus
840 1988 849 2002 ‚
858 1968 889 1999 δε
900 1965 967 1997 aliis
977 1963 1011 1997 id

404 2029 522 2066 genus,
542 2015 656 2063 quibus
673 2015 781 2047 limina
794 2016 1011 2049 Commenta-

249 2094 253 2099 ,
406 2068 524 2100 riorum
546 2064 675 2111 praetexi
694 2062 810 2097 solent.
837 2065 912 2098 Nos
930 2062 1009 2098 vero

55 2136 122 2159 non
133 2133 287 2157 novamus
301 2121 398 2153 multa
408 2117 439 2149 in
451 2113 645 2147 antecessum
658 2112 719 2145 dici
730 2111 818 2159 posse
830 2141 838 2152 ‚
858 2125 925 2160 qua:
944 2124 1010 2145 nori

59 2173 163 2208 minus
174 2151 212 2205 {d
224 2170 387 2204 :merorem
399 2189 409 2204 ,
431 2175 524 2213 quam
535 2162 574 2195 ad
584 2162 652 2206 ejus
664 2174 743 2208 opus
756 2160 899 2207 specstant
910 2183 919 2198 ‚
940 2173 1009 2207 quae

55 2234 163 2269 neque
180 2218 350 2265 injucunda
366 2216 450 2249 lechi
470 2210 571 2246 futura
586 2221 695 2248 erant,
713 2209 1009 2257 nequelegen'tibus

55 2268 250 2308 infrustuosa
261 2291 271 2306 ,
289 2266 375 2301 addo
391 2264 487 2298 etiam
505 2273 570 2294 non
591 2260 692 2293 aliena
711 2261 728 2291 a
741 2261 1010 2293 Commentario-

10 2349 12 2354 ,
56 2335 125 2356 rum
140 2344 149 2359 ,
167 2330 218 2353 aut
239 2311 564 2351 Animadversionum
582 2309 740 2343 instituto.
762 2309 858 2356 Qia
877 2320 954 2341 vcro
973 2319 1011 2357 ea

56 2381 180 2406 tantum
191 2368 349 2414 attingere
358 2361 558 2397 decrevimus
570 2381 580 2397 ‚
591 2371 658 2406 quae
669 2358 708 2392 ad
719 2358 963 2391 illustrationem
974 2361 1007 2391 δε

56 2418 320 2456 emendationem
330 2413 420 2458 hujus
430 2410 536 2457 operis
545 2409 694 2442 duntaxat
705 2408 878 2454 pertinent,
887 2408 1008 2454 reliqua

58 2480 163 2504 autem
175 2490 184 2505 ‚
204 2478 272 2514 quae
283 2473 371 2498 extra
381 2463 439 2495 hos
450 2457 620 2496 finessunt,
630 2468 662 2491 ut
673 2470 710 2491 ea
722 2485 730 2497 ,
750 2470 818 2505 quae
828 2457 868 2491 de
878 2459 1007 2491 auctore

59 2519 120 2554 dici
137 2514 273 2564 possunt,
286 2514 363 2547 item
383 2523 451 2559 qua:
460 2506 664 2543 eximmenso
674 2506 876 2540 historiarum
888 2507 1005 2553 pelago

57 2581 113 2617 per
130 2578 233 2601 totuin
251 2574 367 2610 corpus
385 2560 490 2606 operis
501 2556 609 2592 diffusa
619 2555 686 2589 sunt
698 2579 707 2594 ‚
727 2557 764 2589 iis
775 2557 997 2603 relinquimus,

58 2618 111 2667 qui
121 2630 156 2650 ea
169 2616 260 2663 plene
273 2617 303 2647 δι
315 2624 353 2646 ex
364 2609 520 2657 dignitate
530 2612 560 2642 &
572 2619 644 2640 cum
654 2605 776 2650 majore
787 2606 856 2639 otio
866 2607 1003 2639 uastare

54 2663 346 2716 possunt.Denique
356 2661 427 2708 quia
438 2654 758 2691 Animadversionum
769 2656 898 2689 modum
911 2665 1006 2689 exce-

55 2717 132 2751 dere
142 2716 289 2748 nolumus
299 2733 308 2749 ,
327 2722 362 2744 ea
372 2719 494 2742 tantum
505 2717 687 2753 tangeran
698 2704 762 2738 {ine
773 2704 885 2752 quibus
895 2703 1002 2738 omnis

54 2774 236 2813 opera,quae
245 2761 277 2793 in
288 2760 349 2793 hoc
358 2758 442 2792 libro
450 2755 601 2791 collocari
612 2754 833 2800 potest,inanis
844 2753 1006 2788 &inutilis

57 2814 159 2849 futura
168 2810 233 2851 est3
246 2809 305 2842 hoc
315 2807 360 2842 est
372 2835 379 2846 ,
393 2805 482 2854 quod
491 2803 585 2838 suerit
596 2801 759 2836 consilium
770 2804 920 2841 auctoris,
934 2814 1004 2850 quae

56 2863 174 2899 finis‚&
189 2871 249 2906 que
260 2857 365 2903 operis
376 2853 545 2902 dispositio,
554 2854 674 2899 Qum
684 2852 779 2899 igitur
789 2851 896 2886 hostes
906 2852 1006 2886 Chri-

58 2911 150 2948 stiani
159 2907 296 2941 nominis
305 2906 386 2938 inter
395 2917 430 2938 ea
441 2927 451 2943 ‚
471 2903 585 2951 quibus
595 2912 781 2949 argumenta
791 2900 840 2934 sua
850 2902 889 2935 ad
899 2913 1005 2948 oppu-

55 2959 219 2994 «mandam
227 2954 418 3002 religionem
427 2951 622 2986 instruebant
634 2973 642 2988 ,
654 2963 720 2984 non
729 2951 893 2985 mediocre
902 2951 1003 2984 telum

55 2992 118 3046 gss‘e
129 3002 479 3055 putarcnt‚vctustatem
490 3003 640 3034 Deorum
650 2999 788 3037 suorum,
799 2997 1005 3034 Christianis-

55 3078 147 3102 mum
158 3072 264 3096 autem
274 3051 352 3100 χθὲς
365 3051 389 3090 ἓ
400 3049 514 3092 ἰτέώῖω
526 3055 687 3102 prodiisse,
698 3068 802 3103 eoque
812 3067 1003 3104 argumento

53 3113 241 3151 insolentius
251 3103 642 3143 veetarcntur,ex0rtisunt
650 3105 830 3150 Scriptores
841 3105 959 3150 pietate
969 3110 1001 3140 δέ

57 3160 204 3200 doctrin&
217 3153 468 3206 praestantiffimi,
480 3153 605 3200 quinon
615 3151 715 3186 solum
725 3153 913 3188 vetustatem
922 3154 1003 3202 legis

59 3213 215 3250 Mosa'i'cae
235 3220 272 3242 cx
290 3203 430 3252 ipsorum
449 3203 637 3236 Graecorum
658 3203 906 3236 Commentariis
925 3203 1003 3238 asse—

55 3270 208 3298 ruerunt‚
227 3254 387 3291 sedetiam
406 3251 637 3299 antiquissimos
646 3252 801 3286 Gentium
821 3251 1007 3286 Deosin'fra

54 3302 183 3348 *aetatcm
196 3304 296 3342 Molis
306 3300 394 3337 fuiss‘e
404 3300 630 3335 ostenderunt:
651 3312 754 3348 eoque
774 3314 840 3335 rem
860 3302 1004 3336 deduxe-

55 3372 128 3397 runt
140 3382 149 3398 ‚
169 3369 200 3392 ut
211 3354 316 3390 hostes
328 3348 562 3386 Christianismi
579 3350 745 3397 adigerent
760 3351 797 3384 ad
817 3351 1004 3385 alterutrum

58 3409 222 3445 fatendum
234 3428 243 3444 ‚
263 3413 316 3437 aut
335 3398 541 3434 vetustiorem
559 3398 719 3446 quibusvis
739 3400 812 3433 Diis
822 3401 1004 3434 Gentilium

61 3459 189 3495 Moscm
207 3452 314 3490 fuisse,
334 3462 384 3484 aut
405 3447 478 3482 falsa
497 3445 559 3482 ell‘e
577 3449 767 3482 Graecorum
785 3449 1005 3484 instrumenta.

59 3511 173 3555 Itaque
182 3503 354 3539 hocmodo
363 3512 419 3534 eos
438 3496 492 3531 suo
508 3497 618 3544 gladio
631 3496 834 3544 jugulfirunt:
854 3511 915 3546 qua
932 3499 964 3532 in
973 3510 1006 3532 re

60 3556 252 3592 luculentam
263 3562 394 3598 operam
406 3547 561 3581 navsirunt
577 3545 715 3592 justinus
735 3548 859 3593 Martyr
871 3546 1005 3586 Christi,

59 3602 388 3641 TatianuS,Cle1ncns
399 3595 1006 3644 AlexandrinuS,AtlienagoraS‚Tlieo-

62 3653 168 3705 philus
181 3673 191 3690 ,
210 3653 240 3686 ὃ(
260 3650 331 3688 alii,
349 3659 481 3698 quorum
490 3645 605 3694 scripta
613 3645 652 3680 ad
662 3657 720 3680 nos
729 3657 957 3694 pervenerunt.
980 3647 1008 3683 li

1063 1784 1176 1805 ornnes
1185 1772 1308 1806 Inacho
1319 1784 1426 1818 parem
1437 1781 1531 1806 :etate
1541 1771 1668 1806 Mosem
1680 1770 1855 1806 ostendunt
1863 1784 1902 1806 ex
1911 1771 2017 1819 Apio-

1064 1833 1103 1854 ne
1113 1822 1354 1857 Grammatico,
1366 1825 1396 1854 ἅ·
1407 1822 1474 1854 aliis
1488 1843 1497 1858 ,
1509 1818 1541 1854 ut
1550 1821 1634 1867 ipsos
1646 1823 1738 1854 Deos
1749 1819 2019 1868 Gentiliu1n‚ipsa

1063 1869 1184 1914 templa
1193 1891 1202 1906 ‚
1215 1873 1246 1903 ἃ
1259 1870 1386 1902 oracula
1397 1892 1406 1907 ‚
1420 1880 1451 1902 ut
1461 1870 1504 1902 ait
1515 1870 1733 1903 Tertullianus
1742 1898 1750 1909 ‚
1771 1875 1803 1905 δε
1815 1870 1899 1904 sacra
1908 1882 2020 1904 eorum

1067 1919 1157 1951 unius
1170 1916 1270 1951 Molis
1283 1916 1428 1952 scrinium
1445 1917 1562 1952 saeculis
1574 1919 1680 1952 vincat
1692 1941 1701 1956 ,
1718 1920 1750 1951 in
1770 1932 1837 1966 quo
1857 1918 2020 1954 thesaurus

1067 1967 1246 2000 collocatus
1262 1967 1307 1999 est
1320 1967 1417 2000 totius
1433 1967 1553 2001 Iudaici
1563 1966 1751 2000 sacramenti
1764 1989 1774 2006 ‚
1794 1973 1823 2002 ἃ
1836 1969 1912 2002 inde
1921 1969 2017 2002 etiam

1071 2015 1386 2062 Chi-istiani.11npius
1396 2029 1526 2064 qnoque
1536 2016 1731 2063 Porphyrius
1743 2016 1872 2051 Mosem
1882 2017 1953 2063 post
1963 2019 2023 2050 Se—

1069 2065 1218 2100 miramin
1234 2063 1322 2098 fuiffc
1341 2065 1417 2099 dicit
1430 2079 1437 2098 :
1458 2066 1510 2099 alii
1528 2067 1624 2099 etiam
1642 2066 1826 2113 quingentis
1843 2066 1932 2099 annis
1943 2088 1952 2104 ,
1970 2065 2019 2100 se-

1069 2126 1157 2161 ptem
1168 2115 1271 2147 minus
1280 2137 1290 2152 ‚
1301 2125 1376 2148 ante
1386 2114 1558 2149 Danaiim:
1579 2114 1734 2150 Danaiim
1747 2127 1823 2149 vero
1832 2116 1955 2163 aliquot
1963 2114 2020 2149 sae-

1065 2164 1144 2211 culis
1165 2163 1286 2196 Inacho
1306 2163 1514 2209 posteriorem
1526 2186 1535 2201 ‚
1554 2164 1602 2208 cuj
1609 2177 1641 2197 us
1659 2165 1787 2212 aequalis
1796 2163 1889 2198 fuerit
1896 2163 2022 2198 Moses.

1070 2212 1166 2258 Qia
1184 2212 1319 2257 primam
1337 2211 1553 2245 instrumentis
1570 2214 1794 2247 auetoritatem
1806 2212 2020 2247 summaanti-

1066 2262 1170 2308 quitas
1184 2261 1334 2298 vindicat,
1347 2259 1556 2295 instrumenta
1566 2273 1670 2296 autem
1679 2260 1742 2309 ipsa
1754 2275 1819 2296 non
1830 2261 1847 2296 ὲ
1859 2261 2018 2297 Christia-

1067 2310 1129 2348 nis,
1139 2308 1192 2342 sed
1204 2308 1220 2342 ὲ
1231 2309 1394 2343 Gentibus
1405 2309 1476 2356 ipsis
1488 2311 1586 2357 petita
1595 2309 1665 2344 sunt
1676 2334 1686 2349 ‚
1696 2324 1801 2359 neque
1813 2312 1886 2359 quid
1898 2312 1937 2346 ad
1948 2311 2016 2346 haec

1065 2370 1283 2405 opponerent,
1295 2360 1412 2407 Pagani
1422 2360 1578 2394 haberent
1590 2383 1599 2399 ‚
1611 2360 1685 2394 nihil
1698 2373 1850 2407 prseterea
1861 2359 2017 2408 supereffe

1064 2408 1253 2447 videbatur,
1272 2408 1326 2442 nisi
1347 2420 1399 2442 aut
1415 2419 1447 2442 ut
1464 2409 1601 2457 ingenua
1611 2409 1767 2445 consessio
1776 2410 1899 2458 abipsis
1910 2411 2019 2457 expri-

1064 2468 1216 2496 meretur,
1226 2468 1279 2491 aut
1286 2457 1442 2492 silentium
1453 2460 1634 2505 perrinaciae
1643 2459 1742 2494 finem
1752 2460 1884 2495 faceret.
1905 2460 2016 2508 Qod

1059 2509 1148 2542 certe
1156 2505 1294 2541 feliciter
1304 2507 1393 2541 ceffit
1402 2531 1411 2546 ‚
1433 2520 1465 2541 ut
1489 2514 1519 2544 &
1531 2509 1589 2542 hac
1599 2509 1630 2543 in
1643 2521 1734 2556 parte
1743 2511 1936 2557 Porphyrius
1949 2523 2017 2544 ma-

1059 2570 1116 2591 nus
1129 2557 1231 2590 daret.
1256 2558 1318 2590 Sed
1332 2556 1485 2590 Eusebius
1498 2571 1561 2592 uon
1571 2557 1643 2592 satis
1653 2561 1772 2606 putarit
1783 2560 1933 2594 Gentiles
1944 2571 2018 2607 pre-

1063 2607 1105 2640 mi
1118 2605 1301 2640 domesticis
1313 2606 1504 2640 testimoniis
1518 2630 1527 2645 ‚
1538 2607 1593 2641 nisi
1604 2610 1700 2642 etiam
1711 2608 1827 2642 nostris
1838 2610 2015 2644 convince-

1061 2667 1181 2689 rentur.
1208 2655 1329 2688 Nostra
1339 2667 1457 2696 autem,
1470 2657 1530 2690 hoc
1541 2657 1596 2696 est,
1609 2656 1700 2691 sicrae
1712 2659 1834 2704 paginae
1844 2670 2019 2706 argumen-

1060 2716 1091 2738 ta
1102 2727 1111 2741 ‚
1128 2704 1273 2739 accurate
1292 2716 1457 2750 perputata
1476 2728 1486 2743 ‚
1509 2718 1657 2753 magnam
1676 2707 1805 2754 quidem
1824 2707 2015 2742 vetustatem

1062 2753 1147 2788 Moli
1156 2752 1340 2790 afl'eruutffic
1352 2753 1443 2800 supra
1451 2767 1565 2788 omnes
1575 2756 1670 2788 etiam
1682 2756 1908 2790 vetustissimos
1920 2757 2016 2791 Gen-

1060 2805 1139 2837 tium
1150 2805 1258 2840 Deos,
1267 2801 1319 2836 sed
1329 2814 1438 2836 tamen
1447 2816 1513 2837 nori
1523 2815 1643 2837 tantam
1655 2832 1663 2844 ‚
1678 2817 1745 2852 quae
1754 2806 1882 2852 aequalis
1894 2804 1928 2838 lit
1937 2807 2014 2837 Ina-

1060 2853 1112 2886 chi
1127 2852 1342 2899 temporibus.
1361 2854 1481 2899 Qare
1500 2854 1619 2899 primus
1635 2854 1778 2887 omnium
1790 2854 1944 2889 Eusebius
1956 2866 2014 2888 co-

1060 2914 1151 2936 natus
1160 2902 1206 2936 est
1215 2901 1387 2936 ostendere
1398 2903 1546 2936 hxodum
1559 2903 1771 2937 Hebraeorum
1783 2902 1948 2951 plusquam
1958 2916 2017 2937 an-

1059 2952 1107 2985 nis
1119 2965 1139 2985 c
1146 2964 1166 2985 c
1174 2963 1192 2985 c
1199 2964 1219 2984 x
1227 2964 1245 2985 L
1257 2952 1348 2985 initio
1360 2951 1467 2985 Inachi
1480 2951 1689 2998 posteriorem
1701 2950 1763 2986 effe
1776 2965 1784 2994 ;
1796 2965 1863 3000 qum
1872 2951 1930 2987 suit
1942 2953 2013 2986 uni-

1058 3015 1094 3035 ca
1105 3013 1156 3034 aut
1168 3001 1324 3047 praecipna
1335 3001 1518 3049 cauisa‚quae
1529 3000 1700 3035 Eusebium
1712 3003 1751 3035 ad
1761 3002 1822 3035 hoc
1832 3015 1913 3049 opus
1924 3002 2016 3036 insti-

1060 3051 1214 3085 tuendum
1230 3051 1367 3097 impulit.
1400 3052 1474 3098 Qi
1494 3051 1580 3084 enim
1598 3062 1671 3085 ante
1690 3063 1763 3085 eum
1774 3051 1880 3085 dehac
1892 3064 1927 3085 re
1936 3051 2015 3085 scri-

1058 3098 1342 3147 pserant,contenti
1353 3100 1537 3133 Gentilium
1548 3101 1723 3134 vernaculis
1731 3100 2020 3138 testimoniis‚Mo-

1058 3149 1094 3183 sis
1104 3149 1293 3182 vetustatem
1304 3150 1453 3194 probare,
1461 3160 1555 3196 atque
1564 3150 1606 3182 ita
1618 3150 1776 3183 Gentium
1786 3151 1966 3196 pertinaciae
1977 3163 2016 3186 os

1059 3198 1240 3231 obtundere
1252 3226 1259 3237 ‚
1277 3199 1355 3231 nihil
1365 3198 1448 3231 aliud
1468 3209 1619 3244 practerea
1636 3197 1829 3246 sategerunt.
1857 3198 2012 3235 Eusebius

1059 3245 1202 3281 nonsatis
1213 3246 1276 3281 effe
1288 3247 1426 3293 putavit,
1445 3245 1500 3280 nisi
1510 3246 1653 3294 exipsius
1664 3248 1765 3282 Mosis
1783 3250 1958 3284 rationibus
1974 3248 2016 3284 fi·

1060 3298 1115 3330 des
1125 3307 1309 3342 temporum
1320 3295 1543 3329 adstrueretur.
1568 3298 1669 3344 Atqui
1680 3310 1717 3332 ex
1728 3299 1901 3334 rationibus
1913 3299 2014 3334 Mosis

1061 3346 1193 3380 inferior
1205 3345 1315 3378 Inachi
1326 3345 1523 3391 temporibus
1541 3348 1728 3392 reperietur.
1755 3350 1829 3382 Hoc
1839 3350 1936 3398 igitur
1946 3351 2014 3397 pti-

1062 3408 1149 3429 mum
1159 3395 1191 3428 in
1202 3394 1429 3439 Chronologia
1441 3396 1676 3430 emendandum
1689 3399 1829 3443 putavit:
1842 3413 1935 3447 quam
1949 3400 2014 3446 pri-

1063 3457 1146 3478 mam
1156 3439 1288 3477 caussam
1300 3442 1387 3477 fuille
1398 3443 1537 3478 Eusebio
1548 3446 1596 3489 huj
1604 3459 1636 3479 us
1648 3445 1827 3494 scriptionis
1837 3452 1868 3482 &
1881 3462 1939 3482 nos
1948 3450 2013 3494 jam

1062 3494 1209 3531 diximus,
1221 3492 1368 3539 &ipsein
1378 3494 1543 3540 prooemio
1555 3496 1699 3530 Canonis
1710 3500 1820 3544 aperte
1831 3497 2015 3533 confitetur.

1061 3544 1203 3591 Reliqua
1214 3544 1292 3576 vero
1306 3565 1316 3581 ,
1336 3556 1403 3591 quae
1418 3541 1484 3590 ipse
1503 3544 1534 3577 in
1546 3546 1670 3579 ratione
1681 3558 1866 3592 temporum
1876 3549 2014 3582 innova-

1063 3593 1120 3633 vit,
1134 3592 1250 3640 partim
1261 3593 1366 3627 statim
1377 3590 1467 3635 infra,
1480 3595 1595 3642 partim
1607 3596 1694 3637 alibi,
1705 3596 1757 3630 ubi
1766 3609 1817 3631 res
1827 3599 1946 3647 exiget,
1958 3608 2015 3631 exe

1065 3652 1238 3692 ponentur.

1225 3749 1346 3793 αἶ»
1822 3744 2011 3794 OPVS,
