2366 4040
258 274 281 309 c
709 244 1759 303 EUSEBI'IPAMPHILI

312 335 421 376 Deus
431 335 562 376 lucem
575 323 699 374 ‘Diem
712 361 723 379 ‚
748 338 785 372 &
796 330 975 372 tenebras
986 327 1176 371 Nottmn.
1207 324 1261 365 Et
1270 325 1417 367 fastum
1430 325 1483 366 cst
1496 325 1655 380 vespere
1666 352 1678 371 2
1698 330 1735 366 &
1749 323 1898 365 fastum
1909 326 1964 366 est
1975 340 2091 368 mane
2103 328 2189 369 dies
2237 329 2240 333 ’

311 406 422 433 unus.
455 392 537 431 Hic
550 390 634 430 dies
644 391 792 445 primus
809 387 935 429 saculi
944 414 955 431 ‚
977 398 1059 425 non
1069 382 1218 435 primus
1237 381 1393 423 dierum
1414 382 1598 423 omnium
1613 398 1620 421 :
1639 381 1817 437 ideoque
1828 396 1910 422 non
1929 380 2076 438 primus
2087 412 2099 430 ,
2119 385 2189 425 sed

311 463 412 490 unus
423 448 650 488 nominatus
665 445 730 485 est.
762 442 950 484 Secundo
963 451 1097 480 autem
1120 436 1186 478 die
1207 437 1355 479 fadum
1377 440 1431 480 est
1444 438 1740 478 firmamentum
1760 439 1803 478 in
1820 437 1958 478 medio
1976 452 2164 493 aquarum
2177 459 2190 486 5

311 504 423 558 quod
436 508 473 544 δε
483 502 613 543 divifit
624 503 727 542 inter
736 503 926 554 aquam&
937 508 1091 548 aquam.
1123 493 1267 536 Tertio
1275 508 1410 537 autem
1424 496 1490 536 die
1502 507 1749 552 congregata:
1761 495 1850 535 sunt
1860 509 1970 550 aquae
1984 517 1994 543 ·‚
2007 509 2095 549 quae
2104 496 2192 537 sunt

311 561 381 601 sub
393 560 486 601 caelo
498 567 513 606 ,“
520 560 562 599 in
572 558 921 614 congregationem
934 553 1067 590 unam:
1077 556 1115 591 &
1123 553 1305 607 apparuit
1315 553 1423 594 arida
1432 581 1444 600 ‚
1458 564 1579 607 quam
1590 552 1701 593 Deus
1710 551 1877 591 Terram
1890 552 2127 592 nominavit:
2140 565 2195 592 ata

311 631 392 670 que
413 616 743 671 congregationes
761 622 949 664 aquarum
972 609 1189 664 appellavit
1209 611 1342 651 maria.
1372 610 1610 665 Herbasque
1628 608 1819 664 produxit
1838 608 1964 649 Terra
1985 613 2023 649 Se
2040 609 2196 664 lignum
2217 629 2220 630 ⁷

311 673 556 713 frustiferum
575 685 669 711 cum
687 668 834 709 semine
845 665 924 705 suo.
957 668 1115 723 Qarto
1128 664 1194 704 die
1203 667 1324 720 igitur
1345 666 1444 709 faita
1455 667 1543 707 sun-t
1560 667 1771 708 luminaria
1788 664 1871 705 duo
1882 667 1925 706 in
1944 664 2198 706 firmamento

292 741 296 746 “
312 730 395 770 caeli
406 757 417 776 ,
440 740 485 769 ut
494 729 651 768 luceant
661 725 772 777 super
783 733 924 762 terram
936 722 988 762 ad
998 722 1299 762 inchoationem
1313 720 1445 761 diei&
1454 724 1581 763 noetis
1591 751 1603 770 ‚
1623 728 1660 764 δε
1670 734 1716 763 ut
1728 722 1913 763 dividant
1923 725 2025 762 inter
2037 721 2147 763 diem
2160 726 2199 763 δε

314 786 489 830 nostem,
500 789 537 824 δε
550 781 671 822 fintin
681 779 787 834 signa
799 807 811 825 2
829 783 866 819 ὃς
879 791 1060 832 tempora
1069 805 1081 823 ‚
1095 782 1132 817 ὃ(
1145 777 1244 823 dies,
1256 781 1294 817 ὃς
1304 790 1452 822 annos,
1473 781 1512 816 &
1523 777 1649 819 fintin
1660 778 1910 834 splendorem
1920 781 1962 819 in
1976 779 2201 819 firmamen-

316 853 360 883 to
372 842 463 886 caeli,
477 839 681 878 &luceant
691 835 805 890 super
814 847 969 882 terram.
990 834 1149 886 Qibus
1161 834 1214 873 ita
1225 833 1422 887 perfeffis,
1434 831 1687 877 manifestum
1697 836 1751 875 est
1762 836 1980 877 luminibus
1990 836 2201 891 ipfisante-

316 898 455 939 cedere
466 895 597 934 lucem
608 893 732 933 tribus
743 891 896 931 diebus.
905 889 1033 930 Unde
1045 889 1145 929 mihi
1155 889 1344 930 videntur
1355 889 1553 944 AEgyptii‚
1566 889 1792 943 caeteraeque
1802 904 1940 944 gentes
1951 893 2029 933 hoc
2038 893 2203 947 sequen-

317 967 374 994 tes
383 952 588 992 decretum
602 983 611 997 ‚
635 959 805 1002 quatuor
816 948 928 988 annis
947 946 1107 1002 inpletis
1117 974 1128 992 ,
1149 945 1259 987 diem
1270 947 1472 1001 integrum
1492 945 1734 1000 superfluum
1746 945 1916 999 adjicere
1929 963 1936 987 :
1948 949 2060 1001 quod
2079 950 2202 990 etiam

316 1009 532 1051 Biffextum
544 1006 670 1047 solent
679 1005 896 1046 nominare.
929 1004 1039 1045 Nam
1052 1016 1179 1057 quum
1191 1014 1270 1043 tres
1281 1003 1366 1042 dies
1377 1002 1468 1043 istos
1479 1001 1712 1056 computare
1724 1004 1794 1055 qui
1807 1002 1881 1043 fint
1892 1031 1903 1050 ,
1921 1014 2042 1058 atque
2053 1007 2204 1061 recogi-

319 1079 401 1109 tare
411 1065 652 1115 voluerimus
661 1089 673 1108 ‚
686 1062 802 1101 unius
815 1061 907 1109 anni
919 1060 1175 1105 centesimam
1189 1059 1499 1113 vicefimamque
1510 1070 1663 1114 partem
1676 1059 1786 1099 istam
1807 1060 1882 1100 effe
1901 1060 2200 1115 cognoscemus

321 1121 549 1163 Centesima
569 1131 701 1161 autem
715 1122 752 1157 &
763 1117 948 1157 vicefima
959 1116 1045 1158 dies
1055 1117 1230 1158 invicem
1249 1128 1484 1171 computata
1497 1116 1566 1156 ista
1586 1116 1702 1156 tertia
1718 1129 1805 1170 pars
1816 1115 1890 1156 esse
1907 1118 2001 1158 anni
2011 1117 2208 1174 dignosci-

322 1174 397 1220 tur.
427 1178 567 1219 Tertia
577 1177 698 1232 igitur
709 1174 847 1216 addita
864 1187 976 1229 parte
986 1174 1167 1220 annuali,
1189 1173 1455 1228 quadriennio
1478 1173 1562 1215 dies
1573 1174 1729 1227 integer
1750 1174 1977 1228 completur
1994 1190 2001 1215 :
2022 1187 2142 1229 atque
2154 1174 2206 1216 ad

321 1236 491 1291 partium
502 1246 631 1289 partes
641 1232 792 1273 menses
812 1242 932 1286 atque
943 1233 1036 1275 anni
1045 1228 1230 1286 superflui
1239 1242 1523 1286 computantur
1536 1244 1654 1284 :quos
1665 1229 1828 1271 Hebraei
1838 1230 2005 1285 quidem
2025 1231 2207 1272 Emboli-

322 1293 347 1332 s
342 1306 425 1333 mos
436 1304 577 1332 vocare
588 1288 916 1346 solent2AEgyptii
927 1300 1060 1330 autem
1073 1289 1330 1330 exaltationes
1343 1287 1516 1328 fiderum
1527 1299 1647 1341 atque
1657 1286 1883 1328 stabilitates
1895 1287 2106 1342 appellant.
2117 1291 2209 1330 Imo

324 1348 538 1389 Bissextum
550 1349 604 1388 ob
617 1347 999 1402 ⁴rememorationem
1019 1346 1115 1387 lucis
1126 1343 1247 1400 at'que
1266 1345 1421 1387 dierum
1432 1349 1469 1386 ὃ(
1480 1344 1659 1385 nostium
1672 1372 1683 1391 ‚
1703 1358 1789 1398 quae
1799 1342 2016 1385 luminibus
2029 1345 2208 1396 triduum

324 1406 624 1451 antecesserunt,
634 1404 853 1446 celebratur
863 1403 957 1444 ideo
967 1431 980 1450 ,
1000 1403 1113 1457 quod
1127 1414 1204 1443 tres
1217 1402 1301 1445 dies
1311 1402 1392 1444 fine
1403 1402 1562 1444 au&ore
1575 1401 1667 1443 Sole
1677 1401 1956 1456 proceffe'runt,
1986 1403 2078 1443 Nos
2087 1402 2211 1458 igitur

325 1474 507 1517 tempora
518 1461 813 1507 conscribimus,
826 1475 908 1500 non
920 1474 1006 1514 quae
1017 1460 1106 1500 sunt
1116 1459 1242 1500 saeculi
1251 1459 1392 1500 mundi
1403 1488 1413 1506 ,
1427 1473 1560 1513 neque
1571 1459 1771 1499 luminum
1782 1470 1850 1499 aut
1859 1458 2028 1500 fiderum
2042 1493 2051 1507 ‚
2072 1473 2209 1512 neque

324 1518 524 1560 fruituum
537 1547 548 1565 ‚
561 1519 834 1574 autlignorum
846 1545 857 1563 ‚
877 1529 946 1557 aut
955 1517 1122 1572 piscium
1136 1533 1143 1557 :
1156 1516 1223 1558 sed
1235 1517 1536 1574 generationem
1548 1516 1760 1556 hominum
1773 1543 1784 1562 ‚
1805 1516 1915 1569 cujus
1925 1518 2075 1571 primus
2085 1515 2211 1556 faetus

325 1575 403 1616 fuit
415 1575 547 1615 Adam
558 1576 666 1615 sexto
678 1574 755 1615 die.
776 1575 887 1627 Qin
893 1585 935 1614 to
947 1589 994 1614 au
1000 1587 1081 1614 tem
1093 1573 1159 1613 die
1169 1573 1270 1613 dixit
1279 1574 1562 1614 DeuszEclucant
1573 1574 1811 1629 aqua-reptilia
1822 1577 2019 1613 animarum
2027 1577 2211 1620 vivarum,

327 1633 371 1679 όν
380 1634 542 1673 volatilia
549 1630 655 1671 athrae
665 1635 741 1671 iam
752 1634 830 1671 cali.
862 1631 915 1671 Et
927 1629 1074 1671 fastum
1086 1630 1140 1671 est
1151 1630 1214 1670 fic.
1246 1629 1299 1670 Et
1310 1630 1406 1670 fecit
1423 1629 1535 1669 Deus
1549 1629 1682 1670 beluas
1695 1635 1731 1669 &
1743 1642 1852 1670 cetos
1863 1657 1875 1676 ,
1896 1635 1934 1670 &
1945 1643 2110 1690 omnem
2129 1631 2212 1669 ani-

326 1703 435 1729 mam
444 1691 575 1729 vivam
588 1699 806 1743 repentem,
821 1702 918 1742 quas
930 1687 1153 1728 eduxerunt
1163 1701 1272 1741 aquae
1281 1686 1501 1727 secundum
1512 1686 1623 1726 suum
1636 1691 1815 1742 genusz&
1826 1701 1992 1728 omnem
2004 1686 2210 1726 volatilem

326 1745 544 1785 secundum
555 1745 664 1785 suum
676 1759 811 1801 genus.
843 1745 896 1784 Et
904 1744 1007 1784 vidit
1016 1744 1126 1784 Deus
1139 1747 1232 1798 quia
1244 1744 1350 1784 bona
1360 1743 1449 1785 sunt
1457 1771 1469 1790 ,
1482 1748 1519 1784 &
1532 1743 1740 1783 benedixit
1750 1757 1796 1783 ea
1807 1743 1918 1783 Deus
1931 1748 1968 1784 ὃς
1978 1743 2099 1783 dixit:
2124 1753 2211 1783 Cre-

315 1801 416 1854 scite,
428 1805 472 1849 &
483 1804 782 1857 multiplicamini,
795 1802 839 1848 ὠ
846 1803 974 1857 replete
984 1817 1102 1857 aquas,
1116 1800 1275 1856 quaefimt
1283 1805 1320 1840 in
1329 1805 1421 1841 mari
1433 1823 1443 1849 ·‚
1467 1802 1512 1847 ὠ
1519 1802 1678 1840 'volatilia
1686 1802 1960 1855 multiplicentur
1960 1800 2068 1855 stiper
2078 1811 2210 1840 ternam.

326 1858 380 1898 Et
388 1858 535 1898 faetum
547 1860 601 1898 est
611 1859 784 1912 vespere,
797 1863 834 1897 &
847 1857 994 1898 factum
1005 1858 1058 1897 est
1067 1871 1184 1897 mane
1194 1857 1279 1898 dies
1290 1859 1466 1911 quintus.
1477 1857 1597 1898 Sexto
1608 1869 1742 1897 autem
1756 1856 1822 1896 die
1832 1857 1934 1897 dixit
1945 1857 2066 1896 Densa
2074 1858 2211 1897 Educat

324 1925 407 1953 terra
418 1919 571 1954 animam
582 1918 714 1955 vivam
715 1914 907 1966 ficundum
908 1913 1016 1966 ficum
1022 1915 1396 1969 gemcssqmdrupedia,
1410 1916 1454 1960 (ἐν
1465 1916 1616 1967 reptilia,
1629 1916 1673 1959 ό*
1681 1914 1800 1965 bestias
1811 1913 2211 1965 terraefi’cundumfimm

280 1972 282 1974 ’
319 1986 437 2024 genus.
452 2001 454 2004 .
469 1970 522 2010 Et
531 1970 634 2009 vidit
645 1970 768 2015 Deus,
779 1971 872 2022 quia
884 1969 989 2008 bona
999 1969 1022 2007 s
1017 1981 1089 2008 unt
1098 1995 1110 2013 ‚
1132 1974 1170 2007 &
1178 1967 1280 2008 dixit
1293 1985 1300 2007 :
1312 1973 1490 2008 Faciamus
1508 1967 1680 2008 hominem
1691 1969 1738 2007 aa
1745 1973 1932 2025 imaginem
1952 1971 1997 2017 (ff
2004 1970 2214 2021 stmilitudi-

323 2042 402 2068 nem
412 2028 545 2081 nostram
559 2044 570 2066 :
583 2028 627 2074 ὠ
638 2025 963 2080 habeatpotcstatem
968 2023 1115 2079 pifiium
1125 2027 1503 2071 maris‚&volatilium
1513 2027 1643 2070 caeltg&
1651 2028 1804 2063 omnium
1801 2032 2044 2076 jumentorum
2052 2027 2096 2071 cb·
2105 2030 2213 2067 totius·

324 2095 434 2129 terrie,
449 2085 493 2129 όν
502 2087 653 2123 omnium
666 2084 857 2135 reptilium,
868 2079 1133 2134 qzcaefimtficper
1143 2090 1273 2117 terram.
1304 2079 1358 2118 Et
1368 2078 1465 2117 fecit
1476 2078 1587 2117 Deus
1598 2079 1806 2118 hominem
1821 2095 1828 2119 :
1842 2079 2061 2120 secundum
2072 2082 2213 2137 imagi-

323 2155 419 2181 nem
431 2138 508 2178 Dei
520 2139 615 2178 fecit
624 2150 729 2176 eum:
741 2136 956 2175 masculum
969 2138 1006 2173 ὅ(
1016 2134 1206 2173 feminam
1217 2133 1312 2174 fecit
1322 2148 1401 2175 eos.
1412 2134 1464 2174 Et
1473 2134 1681 2175 benedixit
1692 2149 1760 2175 eos
1771 2135 1880 2177 Deus
1891 2135 2039 2176 dicens:
2052 2137 2214 2190 Crescite,

326 2200 372 2244 (sy
379 2197 672 2250 multiplicamini,
682 2197 726 2240 όν
737 2193 862 2246 replete
870 2203 1002 2236 terram,
1012 2193 1056 2238 όν
1066 2190 1292 2231 dominamini
1299 2192 1433 2243 ejuss&
1443 2190 1564 2232 habete
1568 2193 1770 2247 potestatem
1775 2192 1923 2248 piscium
1933 2196 2102 2241 maria&
2110 2197 2212 2235 vola-

288 2249 289 2252 *
325 2255 443 2293 tilium
453 2252 534 2298 caeli,
547 2252 590 2299 ό
601 2253 752 2289 omnium
761 2250 952 2303 reptilium,
963 2245 1123 2304 quaefimt
1129 2247 1238 2303 ficper
1247 2261 1377 2288 terram.
1454 2248 1636 2288 uomodo
1647 2261 1781 2288 autem
1795 2249 1905 2290 Deus
1916 2264 2009 2290 eum
2021 2278 2033 2297 ,
2052 2255 2091 2291 ὃς
2102 2253 2212 2293 unde

313 2305 439 2356 fecit,
449 2308 536 2363 post
547 2309 620 2349 alia
630 2306 729 2347 dicit
742 2321 748 2345 ε
763 2315 792 2347 E
794 2319 810 2346 t
811 2308 927 2358 finxit
935 2304 1106 2345 hominem
1115 2314 1208 2346 Deua
1217 2307 1259 2346 de
1275 2307 1356 2345 limo
1363 2317 1462 2345 terrae
1475 2338 1483 2352 ,
1503 2307 1548 2353 ὠ*
1555 2305 1758 2360 inſsafflavit
1767 2310 1804 2347 in
1813 2307 1945 2361 faciem
1963 2313 2035 2360 ejas
2042 2312 2212 2363 spiritum

328 2371 407 2406 ‘vite
419 2395 429 2413 ‚
442 2365 610 2419 &fadus
621 2369 671 2404 eft
681 2362 777 2403 homo
785 2367 823 2403 in
833 2366 986 2402 animam
997 2367 1139 2403 vivam.
1169 2362 1223 2402 Et
1247 2364 1391 2403 iterum
1400 2362 1487 2418 post
1497 2363 1587 2403 alia:
1601 2372 1631 2404 E
1633 2375 1649 2402 t
1659 2364 1755 2404 dixit
1771 2368 1939 2406 Dominiis
1947 2373 2040 2405 Deus
2051 2382 2063 2404 .·
2074 2374 2155 2407 Non
2164 2368 2212 2419 est

329 2422 463 2470 bonum,
470 2422 640 2462 hominem
642 2422 756 2475 filum
766 2419 838 2475 effe.
870 2424 1048 2460 Faciamus
1059 2424 1090 2460 ei
1098 2419 1505 2473 adjutoriumsecundum
1514 2436 1602 2461 eum.
1636 2420 1702 2460 Est
1710 2421 1796 2475 post
1808 2421 1882 2462 alia
1899 2437 1907 2461 :
1924 2423 2007 2461 Aa'ae
2016 2434 2133 2463 autem
2143 2440 2211 2463 non

330 2482 376 2533 est
385 2485 549 2520 inventas
559 2480 698 2532 adjutor
705 2479 834 2531 fimilis
843 2480 904 2517 illi.
934 2487 982 2517 Et
992 2479 1137 2531 immisti⁴
1146 2486 1239 2518 Deus
1248 2476 1405 2534 saporem
1413 2482 1451 2518 in
1460 2478 1578 2517 Adam
1589 2495 1601 2518 :
1618 2486 1662 2525 ά
1680 2478 1900 2521 obdormivit.
1930 2488 1978 2519 Et
1986 2479 2211 2535 apprehendit

330 2554 435 2576 unam
446 2539 566 2590 costam
575 2537 615 2576 de
626 2538 733 2575 latere
740 2537 809 2592 ejus
821 2546 836 2583 ζ
845 2536 889 2582 (ἐν
906 2536 1054 2590 replevit
1064 2536 1173 2575 locum
1183 2551 1283 2575 carne
1291 2539 1375 2586 ejus.
1407 2545 1455 2576 Et
1465 2535 1648 2588 aedificavit
1666 2540 1831 2576 Dominus
1842 2544 1936 2576 Deus
1945 2538 2067 2589 castam
2078 2564 2090 2583 ‚
2102 2554 2209 2593 quam

324 2594 468 2650 ficmpfit
474 2595 516 2635 ab
527 2595 657 2640 Adam,
665 2592 703 2633 in'
712 2594 891 2632 mulierem
902 2609 913 2631 .·
925 2594 968 2639 <jv
979 2592 1131 2648 adaluxit
1140 2608 1216 2632 eam
1224 2593 1271 2631 ad
1279 2593 1407 2639 Adam,
1418 2592 1538 2633 videre
1546 2591 1712 2648 quideam
1722 2605 1875 2633 vocaret.
1884 2592 1936 2633 Et
1944 2593 2046 2633 dixit
2056 2594 2188 2634 Adam
2201 2611 2210 2635 :

329 2660 400 2692 Hoc
408 2669 497 2692 nunc
506 2653 553 2703 cst
563 2667 597 2690 os
604 2666 652 2690 ex
659 2649 774 2703 (ssibus
782 2655 876 2696 meis,
892 2650 935 2696 ὠ
945 2665 1021 2689 caro
1033 2649 1074 2689 de
1082 2665 1183 2690 carne
1192 2666 1279 2690 mea.
1289 2658 1364 2690 Haec
1374 2649 1557 2690 vocabitur
1566 2651 1705 2696 mulier,
1716 2654 1797 2705 quia
1805 2651 1846 2690 de
1856 2654 1937 2691 viro
1935 2648 2001 2702 sito
2011 2662 2144 2706 accepta
2151 2653 2209 2705 est.

331 2709 391 2749 Ex
401 2709 460 2749 his
472 2708 629 2749 duobus
640 2707 770 2746 omnis
789 2706 999 2746 hominum
1012 2706 1233 2748 multitudo
1251 2718 1456 2762 procreata
1467 2707 1532 2747 est.
1564 2705 1692 2746 Unde
1703 2708 1825 2746 etiam
1842 2721 1914 2747 nos
1926 2707 2210 2748 dinumeratio-

332 2781 423 2806 nem
439 2777 665 2820 temporum
677 2763 867 2803 facientes
878 2764 1102 2818 incipimus.

277 2825 316 2864 A
328 2838 354 2864 D
366 2837 392 2862 A
406 2836 451 2861 M.
485 2823 519 2862 E
530 2837 555 2861 v
566 2836 604 2861 A.
638 2820 772 2860 Adam
784 2832 918 2860 autem
928 2822 1089 2860 vocavit
1099 2834 1249 2861 nomen
1259 2820 1433 2861 mulieris
1441 2819 1514 2859 suec
1526 2820 1559 2859 E
1571 2833 1596 2860 v
1609 2834 1636 2860 A
1648 2847 1660 2866 ,
1681 2819 1792 2874 quod
1809 2821 2090 2874 interpretatur
2107 2825 2186 2862 Vita
2195 2838 2208 2862 ,-

332 2879 425 2934 quia
437 2879 514 2933 ipsa
525 2879 577 2919 est
589 2889 715 2918 mater
725 2877 959 2916 viventium.
975 2876 1109 2916 Adam
1121 2887 1255 2917 autem
1267 2877 1460 2932 cognovit
1471 2877 1597 2916 Evam
1607 2891 1772 2917 uxorem
1783 2877 1902 2917 suam.
1916 2877 1967 2916 Et
1979 2878 2209 2932 concipiens

332 2937 486 2990 peperit
498 2936 602 2976 Cain
614 2967 623 2983 ,
644 2939 681 2974 &
692 2933 792 2985 dixit
806 2949 813 2973 :
832 2934 1014 2989 Acqufivi
1025 2932 1196 2974 hominem
1199 2947 1264 2989 per
1272 2943 1397 2975 Deum.
1429 2933 1482 2973 Et
1490 2934 1636 2987 adjecit
1644 2933 1804 2975 fratrem
1815 2933 1932 2988 ipsius
1943 2948 2077 2988 parere
2089 2935 2207 2975 Abel.

333 2993 385 3032 Et
394 2992 515 3032 fastus
524 2992 578 3031 est
590 2990 695 3036 Abel
706 2990 833 3045 pastor
844 2991 994 3030 ovium.
1029 2991 1134 3030 Cain
1145 3002 1280 3031 autem
1290 3002 1372 3031 erat
1392 3004 1559 3045 operans
1576 3002 1728 3034 terram.
1762 2989 1909 3047 [terra]
1931 2991 1983 3030 Et
1995 2990 2142 3030 factum
2154 2992 2210 3031 est

335 3049 421 3103 post
432 3048 662 3094 dies‚attulit
671 3048 777 3088 Cain
786 3047 840 3088 de
849 3046 1038 3087 fructibus
1050 3058 1157 3087 terrae
1166 3048 1331 3087 hostiam
1343 3047 1434 3087 Deo
1448 3051 1504 3087 z&
1516 3048 1622 3088 Abel
1633 3047 1780 3088 obtulit
1789 3047 1840 3088 de
1850 3048 2060 3103 primitivis
2069 3048 2208 3088 ovium

336 3105 488 3145 suarum
501 3133 512 3151 ‚
533 3109 569 3144 ὅτ.
580 3104 630 3144 de
641 3104 824 3161 adipibus
840 3102 1040 3159 [suarum]
1059 3104 1110 3144 Et
1119 3103 1283 3159 respexit
1304 3105 1464 3147 Deusin
1475 3105 1580 3145 Abel
1592 3132 1604 3151 ‚
1627 3110 1665 3145 &
1676 3105 1788 3159 super
1798 3104 1905 3145 dona
1925 3103 2053 3158 ipsius.
2084 3104 2210 3159 Super
2243 3137 2250 3144 .

339 3163 443 3202 Cain
454 3175 586 3201 autem
600 3166 637 3201 ὃς
648 3159 758 3214 super
769 3161 934 3200 hostiam
945 3161 1027 3214 ejus
1038 3175 1121 3201 non
1130 3162 1305 3215 respexit.
1319 3161 1371 3201 Et
1382 3161 1542 3202 moestus
1554 3161 1677 3203 sanstus
1688 3163 1741 3202 est
1754 3162 1859 3202 Cain
1869 3160 2127 3201 vehementer
2137 3183 2155 3208 ,·
2170 3166 2209 3201 8<

336 3218 514 3258 concidit
527 3217 655 3257 vultus
667 3217 759 3270 ejus.
791 3217 842 3256 Et
852 3217 953 3257 dixit
965 3218 1074 3258 Deus
1085 3218 1136 3257 ad
1148 3219 1252 3258 Cain
1264 3235 1271 3258 :
1283 3223 1343 3258 Ut
1350 3219 1435 3275 quid
1444 3221 1553 3272 tristis
1554 3219 1676 3273 fac7us
1685 3224 1740 3258 cs?
1751 3219 1806 3265 dy,
1821 3223 1880 3256 Ut
1887 3218 1972 3273 quid
1978 3218 2121 3257 concidit
2129 3221 2211 3258 vul-

334 3287 390 3314 ms
400 3280 501 3314 tuus?
512 3283 631 3314 Nonne
626 3275 665 3326 st
670 3276 760 3313 recle
770 3274 887 3328 offeuzs,
900 3277 991 3314 rec‘le
1001 3287 1115 3315 autem
1126 3291 1192 3315 non
1202 3276 1352 3322 dividm,
1357 3279 1500 3330 peccasti
1512 3281 1529 3315 ?
1537 3274 1698 3330 Qiesce.
1729 3276 1788 3314 Ad
1798 3287 1832 3315 te
1842 3276 1992 3327 adverfio
2001 3277 2103 3321 illius,
2118 3277 2211 3322 &tic

336 3330 624 3371 dominam-&Et
635 3330 735 3369 dixit
746 3330 851 3369 Cain
862 3330 911 3369 ad
924 3331 1028 3371 Abel
1039 3330 1196 3371 fratrem
1209 3332 1321 3371 suum
1335 3332 1567 3386 :Transeamus
1574 3337 1611 3372 in
1620 3332 1843 3387 campum.Et
1855 3331 2001 3371 fastum
2013 3331 2210 3385 est‚quum

336 3387 429 3427 esset
440 3388 480 3426 in
492 3385 864 3439 ca1np0‚exfi1rrexit
873 3387 976 3426 Cain
988 3387 1208 3442 superAbel
1219 3388 1378 3429 fratrem
1388 3390 1554 3436 suum‚&
1562 3388 1712 3428 occidit
1722 3389 1958 3428 eum.Terra
1969 3401 2102 3427 autem
2114 3388 2211 3427 exiit

338 3445 442 3485 Cain
454 3445 474 3482 a
489 3442 679 3488 facicDei‚
687 3446 723 3481 δε
734 3453 908 3481 moratus
916 3444 969 3482 est
982 3445 1023 3484 in
1035 3456 1134 3485 terra
1144 3447 1186 3486 N
1192 3444 1256 3485 aid
1265 3445 1585 3486 contraEden.Et
1595 3446 1787 3500 cognovit:
1798 3446 1903 3485 Cain
1915 3458 2076 3484 uxorem
2087 3444 2210 3489 suam,

337 3505 375 3540 &
394 3500 622 3552 concipiens
642 3499 795 3552 peperit
811 3498 962 3537 Enoch.
983 3500 1034 3539 Et
1045 3514 1126 3541 erat
1143 3501 1341 3543 aedificans
1352 3504 1555 3543 civitatem
1566 3529 1576 3547 ,
1594 3507 1632 3541 δε
1651 3502 1953 3557 cognominavit
1973 3515 2060 3540 eam
2080 3502 2121 3540 in
2139 3515 2212 3540 no-

336 3558 445 3596 mine
455 3556 523 3596 filii
532 3555 587 3594 sui
597 3554 748 3594 Enoch.
782 3555 856 3594 Iste
869 3554 1010 3594 Enoch
1020 3556 1115 3597 alter
1132 3559 1186 3598 est
1196 3587 1208 3605 ,
1227 3574 1312 3599 non
1321 3560 1391 3614 qui
1403 3558 1651 3615 transpositus
1660 3559 1713 3600 est
1725 3586 1737 3607 ‚
1759 3569 1803 3599 ut
1812 3573 1892 3599 non
1904 3558 2104 3598 moriatur.
2136 3557 2209 3596 Ille

338 3614 443 3653 enim
454 3612 555 3654 filius
563 3611 615 3651 est
629 3611 772 3657 Iareth‚
784 3610 970 3665 septimus
983 3612 1030 3652 ab
1044 3613 1189 3654 Adam.
1283 3630 1292 3642 ⁴
2111 3613 2155 3653 H
2170 3627 2207 3651 AE
