2366 4040
1183 124 1233 181 t*

722 244 1516 317 A‘NiMADVERSIONEs.
2051 305 2070 344 ς

122 341 420 392 Qemadmodum
431 339 528 390 igitur
535 338 689 378 Eusebius
698 345 730 379 in
741 346 854 381 divinis
863 358 1063 381 commenta-

113 403 165 436 riis
182 391 480 445 ω-ξοωέἓξισκώῆς,
493 400 615 448 utlegi's
628 402 810 442 Indum&
821 404 896 438 inde
907 403 1061 439 Christia-

110 462 156 484 nae
168 449 334 480 veritatem
343 446 618 487 asse1·eret‚omnes
629 461 770 485 veterum
780 453 1058 500 Philosophorum,

107 497 1057 547 l-listoricorum,TheologorumAEgyptiorum‚Phoenicu1n,

111 552 142 584 &
155 548 346 580 Graecorum
357 546 573 581 Bibliothecas
583 547 706 583 rcclufit
716 573 725 587 ,
746 562 777 584 ut
787 563 958 585 aureorum
969 552 1052 584 vani-

106 599 206 631 t‘arem
217 596 338 643 exlege
349 596 414 629 Dei
424 608 638 644 argueremur
647 598 868 638 vetustiffimos
878 601 1055 647 AEgyptios,

110 645 281 681 Chaldaeos
293 673 301 684 ,
314 646 497 684 Phoenicas,
510 651 541 681 &
552 647 685 680 Graecos
696 648 737 682 de
746 649 972 695 prophetarum
982 652 1055 684 l-le-

108 696 264 730 braeorum
281 693 370 729 fonte
380 693 501 741 potasse
511 717 521 733 ‚
542 699 574 730 &
584 693 929 745 sitimingeniisuiinde
940 699 1050 747 rigasse

107 745 312 780 ostenderet:
331 743 370 778 sic
388 744 511 791 aliquot
519 744 606 777 annis
616 755 707 779 antea
717 775 724 785 ‚
745 757 778 780 ut
789 748 977 782 vetustatem
989 749 1049 783 do-

105 793 217 828 etrinae'
229 789 377 827 Mosaic'ae
387 793 549 838 probaret,
558 792 844 838 praestantiffimum
863 797 1048 832 Chronic‘o—

102 856 171 878 rum
183 848 213 877 &
224 842 418 876 omnimodae
427 851 610 887 temporum
620 843 756 880 historice
766 859 846 893 opus
855 847 1045 882 instituerat:

47 882 52 887 ‚
103 894 136 926 in
154 893 243 936 cujus
262 891 306 923 rei
327 889 553 936 probationem
571 892 734 939 spatiosius
752 898 998 944 excurrentiper
1008 910 1047 931 0-

102 953 192 977 mnes
209 941 314 973 literas
331 938 432 976 orbis,
451 943 481 974 3<
500 939 645 976 historias
662 945 828 979 nationum
840 948 1048 995 peregrinan-

100 991 176 1025 dum
186 987 260 1021 fuit:
282 988 475 1022 Graecorum
487 1011 497 1027 ‚
516 992 706 1026 Latinorum
714 992 828 1042 scripta
837 994 1045 1035 conferenda,

95 1038 280 1074 Asianarum
291 1059 300 1075 ‚
320 1039 547 1084 Europaearum
559 1063 569 1079 ,
585 1042 777 1089 Libycarum
795 1046 961 1080 nationum
970 1057 1049 1078 cen-

94 1087 193 1123 suales
211 1086 384 1121 evolvendi
404 1109 413 1125 ,
441 1091 473 1122 ὃ(
489 1093 773 1127 concatenationes
788 1103 971 1141 temporum
983 1117 992 1132 ,
1013 1105 1045 1127 ut

95 1160 118 1178 „
129 1137 348 1170 Tertullianus
358 1136 498 1183 loquitur
509 1167 517 1178 ,
529 1141 708 1186 aperiendae
719 1171 727 1183 ‚
739 1144 1045 1190 utlmjusfircult'origi-

96 1210 121 1227 υ
129 1199 202 1224 nem,
213 1196 334 1231 tempora
344 1212 351 1224 ‚
363 1198 458 1225 annosa
466 1199 564 1238 regna,
574 1192 745 1237 virtutefique
754 1195 917 1227 mortalium
928 1216 937 1231 ,
948 1195 982 1230 εἰν
992 1205 1045 1227 va-

96 1260 119 1277 ‚,
130 1238 236 1269 rmum
251 1237 357 1269 artium
374 1245 542 1281 repertores,
568 1241 745 1284 omniumque
757 1250 826 1285 pene
839 1244 1045 1286 provinciarum

93 1309 118 1326 ,‚
130 1294 317 1322 monumenta,
329 1295 361 1317 ut
372 1286 575 1320 Marcellinus
583 1287 704 1328 scribit,
714 1301 953 1325 commemoraret.
978 1293 1043 1324 Ita-

96 1355 157 1391 que
167 1342 232 1375 haec
244 1342 330 1387 prior
341 1354 411 1388 pars
424 1347 495 1376 vere
505 1336 688 1390 ςφωμοῇσῦς
701 1344 829 1392 quidam
840 1346 1044 1380 historiarum

90 1392 150 1427 fuit
160 1404 197 1424 ex
208 1391 375 1436 multiplici
385 1391 550 1425 nationum
563 1420 571 1432 ,
583 1404 768 1440 regnorum,
780 1396 904 1429 urbium
917 1408 1044 1430 memo-

53 1431 56 1434 ’
89 1442 133 1476 ria
144 1450 323 1475 contextus.
344 1440 479 1474 Nullum
487 1438 546 1474 fuit
558 1444 652 1487 paulo
664 1443 813 1478 vetustius
823 1457 971 1494 regnum,
981 1446 1043 1479 im-

92 1491 214 1538 perium
224 1511 233 1527 ,
247 1488 405 1535 Dynastia
414 1511 423 1527 ,
435 1501 606 1538 autregum
615 1489 768 1526 succeffio
778 1517 788 1532 ‚
808 1507 943 1542 quorum
955 1508 1042 1543 quae-

27 1568 30 1573 .
90 1539 202 1575 damin
213 1537 321 1585 priscis
333 1539 540 1573 monimentis
548 1550 671 1575 extaret
681 1543 803 1577 mentio
812 1567 821 1582 ‚
842 1557 912 1592 quae
922 1545 993 1578 huic
1004 1557 1041 1578 o-

37 1612 40 1614 -
89 1587 461 1638 pulentiffimothesauro
470 1591 681 1637 congerendo
690 1593 871 1627 contributa
881 1607 945 1628 non
956 1593 1040 1628 sittut

89 1643 208 1679 merito
221 1643 286 1677 haec
307 1643 470 1690 priorpars
481 1636 669 1684 παντοδαπὴ
683 1642 785 1700 ἶςοξῖσε
798 1649 838 1682 ab
847 1647 916 1695 ipso
926 1650 1036 1682 aufto-

87 1706 123 1728 re
133 1704 243 1727 vocata
251 1691 362 1726 fuerit:
383 1705 564 1741 quanquam
581 1708 646 1729 non
656 1697 706 1730 inv
715 1709 824 1732 entum
836 1697 882 1733 est
894 1697 1034 1738 Eusebii,

85 1742 142 1777 sed
152 1740 315 1780 Africani,
334 1742 420 1786 cujus
438 1744 535 1777 etiam
556 1745 687 1792 paginas
706 1747 885 1795 integrasin
895 1748 1036 1795 priorem

88 1802 213 1840 partem
222 1789 308 1825 suam
318 1792 502 1835 conjecerat
512 1792 667 1837 Eusebius
678 1817 688 1832 ,
708 1806 740 1828 ut
761 1795 814 1830 suo
826 1797 900 1830 loco
911 1796 1037 1830 videbi-

88 1854 170 1875 mus.
196 1843 237 1875 Et
248 1840 378 1888 quidem
386 1839 457 1873 satis
467 1841 512 1875 est
524 1842 591 1876 haec
605 1843 717 1876 dehac
731 1856 819 1890 parte
840 1843 1040 1891 perstrinxis-

85 1891 128 1924 se.
156 1891 210 1923 Ad
218 1890 351 1922 alteram
364 1901 503 1934 propero
514 1912 523 1927 ,
541 1903 636 1939 quam
649 1895 679 1925 δε
692 1894 901 1931 Chronicon,
925 1899 955 1928 &
971 1895 1038 1928 Ca-

86 1950 207 1973 nonem
223 1949 368 1972 vocatam
381 1938 757 1983 proximeindicavimus.
784 1942 905 1976 Rursus
923 1943 1038 1976 memi-

86 1996 170 2030 neris
188 2018 197 2032 ,
226 1993 499 2042 quemadmodum
527 1996 624 2029 altera
652 2009 721 2042 pars
750 1992 780 2030 τὲ
801 1990 875 2031 κᾷθ’
896 1989 1009 2043 §saddoc
1024 2020 1036 2038 ‚

83 2045 117 2079 id
135 2044 181 2078 est
198 2044 331 2077 collatio
350 2053 533 2089 temporum
553 2072 561 2084 ‚
593 2045 675 2078 di<fra
700 2043 758 2079 fuit
779 2075 789 2085 ,
814 2048 856 2080 ita
875 2047 955 2080 hanc
974 2047 1038 2081 dici

87 2094 120 2133 n*
131 2090 216 2138 scot&
226 2092 385 2140 mir&
398 2120 408 2138 ,
419 2098 638 2132 extensionem
649 2122 658 2137 ,
680 2102 767 2147 quod
778 2102 809 2134 in
823 2114 863 2136 eo
873 2103 956 2136 libro
964 2103 1038 2136 anni

82 2161 254 2183 reonorum
281 2146 408 2193 expansi
436 2147 520 2180 inter
544 2145 576 2180 se
594 2148 765 2194 compositi
788 2162 1014 2197 comparantur
1025 2173 1035 2189 ,

51 2215 53 2217 r
81 2178 138 2232 fii&
158 2197 337 2231 anazarbus
349 2196 522 2229 Abraham
533 2197 723 2231 Fatum-cim
733 2198 892 2237 deducio,
916 2201 968 2247 qui
986 2200 1033 2233 est

68 2238 185 2281 ''titulus
195 2250 226 2281 &
238 2245 362 2292 epocha
373 2245 531 2279 Chronici
542 2245 723 2280 Eusebiani.
733 2248 843 2281 Primo
852 2249 928 2283 loco
936 2247 1031 2282 series

80 2296 127 2331 est
136 2308 290 2329 annorum
308 2293 325 2326 ἷι
344 2305 420 2332 nato
431 2294 620 2329 Abrahamo
638 2308 694 2342 per
713 2297 860 2331 denarios
871 2299 1030 2332 colleffto-

79 2358 160 2380 rum.
184 2348 360 2391 Sequentes
368 2342 461 2377 series
471 2341 540 2377 sunt
551 2356 660 2378 eorum
672 2357 914 2394 regn01·um,aut
924 2348 1028 2382 natio-

78 2408 166 2433 num,
179 2405 310 2441 quatum
322 2393 426 2426 titulus
438 2393 469 2426 in
479 2392 584 2427 fronte
598 2394 754 2429 Chronici
763 2407 957 2442 praenotatus
969 2396 1027 2435 est,

79 2454 113 2477 ut
124 2443 350 2480 l-lebraeorum,
359 2443 581 2489 Sicyoniorum
594 2466 603 2481 ‚
617 2445 812 2492 Argivorum
824 2468 832 2483 ‚
843 2447 1029 2480 Athenien-

77 2492 153 2527 sium
165 2518 174 2534 ‚
192 2491 424 2538 AEgyptiorum.
451 2492 575 2526 Vltima
589 2491 681 2527 series
698 2494 800 2528 laxior
820 2499 851 2530 &
863 2494 1028 2543 spatiosior

75 2541 381 2578 continetindiculos
389 2539 554 2589 gestor-um
566 2569 574 2581 ,
594 2546 625 2576 &
635 2543 803 2592 pericopas
815 2573 822 2584 ,
839 2543 903 2580 sive
920 2546 1027 2592 perio-

74 2591 147 2626 chas
158 2589 339 2625 historicas:
359 2603 424 2638 quo
433 2591 564 2625 nomine
573 2604 631 2625 nos
642 2593 721 2627 illud
729 2592 862 2641 spatium
874 2607 1024 2630 vocamus

75 2641 195 2690 χωώαν
216 2640 367 2690 ἱς-οϋκέν.
393 2647 597 2694 Hieronymo
615 2648 731 2682 dicitur
747 2662 830 2684 nunc
850 2653 1022 2696 explanatio,

75 2707 157 2730 nunc
183 2698 306 2729 enodatio
331 2694 442 2742 historiae
459 2719 468 2734 ,
499 2697 714 2743 proculdubio
745 2700 817 2748 quia
842 2700 875 2733 in
903 2701 1024 2735 Graeco

74 2744 336 2796 ἔκῇεζῖςὶᾳϋκῆ
348 2749 431 2783 <litia
447 2747 516 2783 fuit.
543 2751 630 2784 Nam
649 2755 681 2786 &
698 2752 741 2785 ita
762 2765 892 2801 quoque
911 2755 1021 2788 Graeci

74 2800 267 2854 χρονολόγοι.
294 2803 356 2837 Hic
375 2802 420 2837 est
437 2803 469 2836 in
488 2815 608 2851 genere
618 2816 788 2840 contextus
801 2811 831 2843 8<
843 2809 953 2842 census
964 2821 1021 2856 pa—

73 2856 155 2902 ginae
177 2853 333 2887 Chronici
351 2850 519 2886 Eusebiani
539 2854 656 2901 triplici
673 2853 824 2890 serierum
835 2856 1019 2893 differentia

71 2903 392 2941 distinctae,a11noru1n
403 2900 812 2952 Abrahami‚regnorum,&
822 2906 1021 2954 spatiihisto-

71 2960 205 2995 rici:hoc
215 2955 297 2996 cst‚fi
306 2969 377 2990 cum
388 2958 510 2993 Graecis
519 2959 610 2993 nobis
618 2972 667 2994 res
676 2957 842 2995 effetas-cdiv
851 2957 1020 3010 Αςρριοξω,

75 3008 275 3057 §les'd'vfflf
287 3006 640 3059 βαζῖλᾶὧϋάῡθὲζέως
651 3013 809 3061 {svesana
822 3018 900 3051 l-Iaec
911 3015 1023 3052 neces-

66 3069 149 3105 sario
161 3068 195 3103 ἐν
208 3058 522 3111 fflffsaeejaoe-Myo
533 3068 627 3103 nobis
644 3071 867 3115 praemittenda
880 3071 1020 3114 fuerunt,

71 3119 159 3168 quod
171 3117 303 3151 sineillis
314 3127 417 3163 neque
429 3116 498 3163 quis
509 3116 591 3150 ordo
608 3117 763 3152 Chronici
774 3119 1022 3157 Eusebianifue-

69 3171 122 3206 tit,
133 3179 237 3215 neque
249 3165 325 3214 quid
337 3177 394 3198 nos
404 3162 527 3213 sequuti
537 3164 640 3205 simus,
651 3166 786 3216 intelligi
796 3170 912 3216 potest.
933 3171 1020 3206 Nulo

69 3219 136 3253 lum
156 3215 280 3249 <testum
299 3214 331 3247 in
350 3211 451 3260 spatio
462 3213 614 3248 historico
622 3226 707 3250 extat
718 3244 726 3257 ,
747 3219 832 3266 quod
842 3220 881 3254 acl
890 3221 1021 3266 alicujus

70 3246 175 3316 regns,J
182 3264 317 3299 nationis
330 3288 340 3304 ,
359 3274 411 3296 aut
422 3263 484 3298 Rei
489 3276 519 3309 p.
528 3274 676 3311 tempora
685 3263 888 3303 referendum
896 3282 961 3305 non
971 3270 1020 3308 sit,

71 3315 192 3350 tametsi
205 3313 420 3360 sepenumero
430 3312 507 3346 illud
517 3312 643 3360 gestum
656 3315 694 3349 ad
706 3327 774 3350 eam
786 3318 1020 3358 nationem,aut

70 3377 203 3413 regnum
217 3363 386 3410 pertineat.
405 3365 579 3408 Propterea
591 3363 672 3409 apud
682 3365 862 3401 Marianum
872 3370 1017 3407 Scotum,

70 3415 127 3463 qui
135 3423 239 3447 totum
252 3411 442 3446 Chronicon
453 3409 620 3445 Eusebiiin
629 3411 717 3446 suurn
728 3415 910 3454 transfudit,
919 3418 962 3456 ita
972 3419 1018 3452 le-

69 3463 173 3510 gimus
185 3475 192 3495 :
206 3464 224 3496 S
237 3474 248 3495 1
264 3473 284 3495 c
297 3472 315 3494 Y
331 3473 352 3494 ο
364 3472 387 3493 Ν
403 3472 414 3494 1
427 3473 448 3494 o
462 3472 485 3494 R
497 3472 557 3494 vm.
571 3467 601 3493 Io
610 3461 728 3507 Iafifiliae
739 3465 842 3498 mixtus
849 3468 890 3500 es'b
899 3468 1019 3512 Iupiter.

69 3513 105 3547 ΑΞ
115 3523 135 3544 c,
145 3522 164 3544 Y
176 3523 195 3544 1³
206 3522 228 3544 τ
245 3523 256 3544 1
270 3523 291 3543 o
302 3522 323 3544 R
336 3523 357 3544 v¹
365 3521 403 3543 M.
430 3511 561 3543 Hercules
569 3521 743 3555 cognomento
754 3512 894 3559 Defimaus
903 3517 931 3550 in
941 3517 1020 3551 Plur-

70 3561 130 3594 nice
137 3561 224 3592 clarus
233 3561 360 3593 habetur.
387 3559 477 3605 Qid
489 3561 539 3597 Io,
552 3570 602 3593 aut
614 3559 772 3595 Phoenice
782 3573 954 3600 commune
963 3565 1020 3599 ha-

71 3607 150 3641 bent
158 3620 229 3640 cum
238 3607 414 3655 Sicyoniis?
428 3608 505 3656 quid
516 3609 728 3657 Europacutn
738 3613 888 3659 AEgypto,
900 3625 951 3651 aut
961 3617 1020 3662 Sy-

69 3656 138 3690 ria?
163 3654 300 3690 Rursus:
324 3659 356 3690 A
366 3669 388 3692 τ
402 3669 426 3692 H
437 3664 456 3691 t
468 3670 492 3692 N
509 3670 520 3692 1
535 3671 552 3692 ε
564 3671 587 3692 N
601 3671 614 3694 s
631 3671 644 3694 1
658 3672 677 3695 v
688 3671 736 3695 Mt
763 3667 796 3694 In
814 3668 1021 3711 Cretafregna-

67 3703 247 3754 vitAsterius.
257 3706 358 3740 Item:
370 3708 400 3741 A
412 3718 434 3741 T
448 3719 474 3742 H
485 3719 505 3742 Ε
517 3719 539 3742 N
553 3720 566 3745 1
579 3719 598 3743 Ε
614 3719 637 3746 N
651 3721 669 3746 s
678 3721 693 3745 1
704 3723 723 3748 il
732 3720 758 3746 Μ
774 3724 782 3746 ;
803 3712 1021 3756 ιὲηιιεῖὴθὺακσ

1115 347 1338 382 clamanda-xm.
1365 348 1522 388 Asterius,
1538 350 1648 393 [inusss
1659 350 1772 391 neuter
1781 357 1984 392 Atheniensis
1995 359 2062 394 fuit:

1115 396 1217 428 neutri
1236 409 1307 430 cum
1326 399 1575 434 Atheniensibus
1594 404 1690 438 ullum
1699 409 1941 442 commercium.
1971 411 2061 456 Ogd

1115 445 1221 490 plura?
1243 448 1372 495 perlege
1380 459 1485 483 totum
1498 450 1632 486 Mariani
1644 455 1845 493 Chronicon.
1856 459 1977 492 Melior
1988 471 2059 504 pars

1112 494 1275 541 gestorum
1286 496 1508 532 historicorum
1521 500 1694 550 proscripta
1709 505 1755 540 est
1773 508 1963 556 tituloregni
1975 530 1983 545 ,
2004 518 2056 541 aut

1112 544 1268 582 nationis,
1290 559 1351 593 quo
1363 559 1432 580 raro
1442 548 1521 596 gesti
1533 563 1754 599 argumentum
1767 558 1914 603 pertinet.
1943 558 2055 592 Nimi-

1110 605 1177 626 rum
1190 593 1358 629 Africanus
1376 602 1406 630 ἅ
1429 596 1580 633 Eusebius
1597 603 1637 635 ita
1649 610 1897 653 conceptaapud
1908 609 2054 641 auftotcs

1108 640 1308 678 invenerant:
1330 646 1392 679 Sub
1407 647 1464 679 illo
1482 660 1560 697 rege
1577 652 1819 690 Atheniensium
1829 657 1906 690 illud
1916 657 1946 690 in
1956 659 2053 703 AEgy-

1106 697 1164 737 pto
1173 694 1329 739 contigit:
1351 696 1479 730 Subillo
1487 700 1709 746 Sicyoniorum
1720 705 1796 739 illud
1805 706 1835 739 in
1846 707 1941 752 Syria.
1963 707 2048 740 lde&

1108 739 1273 776 Africanus
1284 748 1313 777 δέ
1328 745 1478 779 Eusebius
1489 747 1624 783 duorum
1633 749 1698 786 sese
1709 755 1907 802 obligz'irunr‚
1919 756 2046 802 prioris,

1103 791 1191 837 quod
1200 793 1334 826 omnino
1344 823 1352 833 ‚
1365 795 1437 842 quia
1445 808 1483 829 ex
1492 796 1636 832 instituto
1645 802 1690 835 est
1700 824 1709 840 ,
1729 803 1871 852 effligere
1879 818 1943 839 non
1955 816 2051 851 pote-

1099 840 1309 888 rant,gestum
1320 845 1358 876 ad
1369 844 1672 882 Abrahamiannum
1681 852 1819 900 aliquem
1829 852 1960 896 referre3
1968 855 2051 889 alte-

1100 890 1174 928 rius,
1185 890 1272 937 quod
1284 903 1381 925 nemo
1390 893 1499 927 abillis
1509 897 1664 944 exigeret,
1676 904 1761 947 quod
1772 916 1837 937 non
1846 905 1928 938 atico
1937 902 2048 938 neces-

1100 937 1175 972 saria
1186 951 1233 972 res
1244 938 1333 977 sit,ad
1343 941 1420 974 illud
1432 954 1632 989 regn-rimant
1644 949 1729 983 illam
1740 953 1902 986 nationem
1914 952 2049 992 referre,

1098 986 1156 1021 sub
1168 988 1268 1035 quaid
1277 989 1402 1035 gestum
1414 990 1476 1024 ess'e
1485 993 1505 1024 ii
1515 993 1683 1040 scriptores
1692 996 1867 1036 retuserunt
1880 1026 1888 1041 ‚
1899 1004 1981 1037 unde
1991 1003 2046 1038 illa

1098 1048 1230 1083 accepta
1239 1036 1320 1070 sunt.
1346 1039 1435 1072 Prius
1445 1042 1614 1086 operosum
1623 1058 1687 1080 non
1699 1048 1757 1082 est.
1781 1053 1808 1085 E
1818 1053 1951 1096 regione
1959 1053 2047 1087 enim

1098 1087 1173 1120 anni
1185 1085 1357 1120 Abrahami
1373 1099 1519 1123 notatum
1537 1104 1604 1126 non
1616 1097 1719 1139 potest
1737 1090 1877 1146 ignoraii
1887 1115 1952 1149 quo
1962 1101 2049 1135 refe-
2074 1128 2077 1131 r

1099 1135 1234 1169 rendum
1256 1134 1303 1168 sit.
1327 1137 1391 1169 Sub
1409 1151 1475 1185 quo
1491 1151 1597 1175 autem
1616 1156 1718 1192 regno
1727 1169 1736 1184 ,
1755 1160 1808 1182 aut
1826 1152 2045 1186 nationeillud

1099 1182 1267 1232 contigisse
1275 1186 1457 1232 Scriptores
1464 1192 1647 1226 notaverint
1656 1196 1707 1233 j'id
1719 1198 1796 1230 vero
1807 1199 1968 1248 defignare
1977 1213 2045 1235 non

1098 1235 1142 1268 ita
1150 1234 1336 1281 expeditum
1346 1234 1416 1269 fuit.
1441 1239 1529 1288 Nam
1541 1240 1571 1273 in
1582 1239 1683 1288 spatio
1692 1245 1846 1282 historico
1853 1251 1977 1283 titulum
1989 1263 2048 1284 na-

1097 1284 1195 1318 tionis
1204 1295 1379 1330 apponere,
1390 1287 1483 1333 quiin
1491 1287 1597 1324 stonte
1607 1293 1729 1340 pagina:
1739 1306 1865 1330 notatus
1875 1297 1969 1332 fuerit
1981 1328 1988 1339 ‚
2010 1311 2044 1334 ut

1096 1331 1175 1367 fecit
1193 1333 1355 1368 Marianus
1365 1357 1374 1374 ‚
1391 1335 1661 1384 supervacaneum
1679 1342 1736 1377 est.
1763 1345 1923 1380 Marianus
1940 1349 2039 1389 enim,

1098 1382 1170 1431 quia
1178 1383 1209 1415 in
1218 1380 1327 1417 fronte
1335 1385 1438 1419 nullos
1448 1386 1559 1422 titulos
1570 1390 1746 1439 designavit
1755 1416 1763 1432 ,
1774 1395 1805 1427 in
1813 1394 1915 1442 spatio
1927 1410 2047 1442 ponere

1096 1431 1271 1467 necessario
1281 1444 1419 1468 tenetur.
1446 1438 1572 1472 Contra
1583 1441 1720 1475 Eusebio
1729 1445 1813 1477 nulla
1822 1445 1979 1479 incumbit
1989 1459 2048 1480 ne-

1097 1481 1222 1516 cessitas
1231 1483 1359 1517 titulum
1371 1484 1401 1517 in
1411 1483 1514 1532 spatio
1523 1488 1674 1524 historico
1684 1492 1799 1527 iterare
1809 1517 1819 1532 ‚
1833 1496 1926 1542 quiin
1936 1493 2046 1530 fronte

1097 1532 1221 1580 paginae
1238 1542 1330 1566 antea
1348 1534 1465 1579 politus
1482 1535 1529 1570 est
1541 1562 1550 1570 .
1576 1539 1642 1573 imo
1658 1541 1787 1577 iteratio
1807 1545 1939 1578 ridicula
1957 1543 2048 1579 esset-

1095 1582 1185 1615 Huic
1197 1580 1375 1616 difficultati
1384 1585 1426 1618 ita
1436 1586 1616 1622 consultum
1627 1589 1672 1624 est
1682 1613 1691 1628 ‚
1712 1590 1732 1624 si
1743 1592 1870 1641 ssngulae
1886 1592 1981 1628 series
1991 1606 2046 1628 auc

1093 1630 1145 1665 fila
1155 1642 1311 1665 annorum
1323 1632 1451 1668 diversis
1460 1636 1622 1671 coloribus
1632 1638 2045 1685 insicei·entur,²at1·0‚rubre,

1094 1680 1200 1717 viridi,
1211 1681 1356 1715 caeruleo.
1381 1686 1534 1732 ltaquein
1543 1685 1646 1733 spatio
1656 1689 1812 1727 historico
1825 1693 1925 1739 prima
1936 1693 2046 1737 perio-

1091 1730 1157 1764 cliae
1167 1730 1257 1763 litera
1268 1732 1368 1765 minio
1379 1755 1388 1771 ‚
1398 1745 1449 1767 aut
1460 1736 1523 1768 alio
1534 1737 1646 1772 colore
1658 1740 1741 1786 pieta
1750 1764 1758 1779 ‚
1770 1742 1891 1776 indicat
1900 1743 1976 1777 illud
1985 1755 2045 1791 ge-

1092 1779 1176 1813 stum
1185 1779 1224 1813 ad
1235 1792 1305 1814 eam
1314 1779 1427 1816 seriem
1437 1785 1682 1836 pe1·tiner'e,quae
1692 1792 1810 1825 eodem
1821 1793 1932 1827 colore
1943 1793 2048 1841 signa-

1092 1839 1124 1861 ta
1134 1827 1193 1861 est.
1217 1829 1298 1862 Inde
1309 1829 1368 1868 est,
1381 1833 1469 1879 quod
1478 1834 1579 1869 adhuc
1591 1839 1721 1883 quidam
1736 1842 1880 1876 Codices
1891 1843 2050 1877 Chronici

1093 1877 1185 1921 hujus
1203 1876 1256 1910 fila
1267 1890 1422 1914 annorum
1435 1881 1564 1916 diversis
1582 1887 1742 1921 coloribus
1752 1889 1903 1925 distinc‘ta
1915 1892 2049 1931 habent-

1092 1930 1195 1960 Penes
1209 1938 1268 1959 nos
1279 1926 1325 1960 est
1335 1939 1407 1962 atro
1417 1953 1427 1968 ‚
1447 1931 1544 1964 rubro
1556 1955 1564 1971 ‚
1578 1935 1668 1969 viridi
1683 1948 1812 1972 notatus
1824 1952 1862 1973 ex
1875 1942 1964 1974 dono
1974 1953 2045 1974 am-

1092 1974 1220 2021 pliffimi
1233 1980 1261 2008 ἅ
1276 1977 1357 2019 Juris
1368 1978 1588 2015 consultissimi
1599 1984 1785 2032 Marquardi
1798 1989 1941 2027 freheri,
1950 1991 2046 2023 Sere-

1093 2023 1209 2057 nissimi
1220 2024 1379 2059 Elector-is
1390 2028 1523 2062 Palatini
1535 2031 1729 2068 Consiliarii.
1752 2037 1815 2070 Sed
1826 2060 1835 2075 ‚
1853 2033 1921 2086 quae'
1941 2038 1987 2071 est
2005 2039 2045 2072 li-

1094 2073 1270 2106 brariorum
1280 2075 1451 2121 imperitia,
1463 2079 1592 2125 quidam
1603 2083 1730 2117 colores
1739 2087 1880 2120 retinent
1890 2110 1899 2126 ,
1908 2087 2042 2134 spatium

1092 2120 1449 2172 omiserunt‚&⁴gestum
1461 2126 1647 2163 historicum
1657 2131 1713 2166 sub
1723 2135 1790 2179 ejus
1801 2137 1936 2170 nationis
1947 2137 2042 2170 titulo

1090 2181 1228 2217 ponunt,
1238 2172 1278 2204 ad
1288 2185 1379 2219 quam
1389 2175 1468 2219 illud
1478 2179 1638 2222 pertinere
1648 2183 1740 2216 color
1748 2183 1911 2232 archetypi
1919 2186 2045 2219 indica-

1090 2220 1153 2252 bat.
1177 2219 1244 2252 Alii
1253 2231 1365 2254 contra
1375 2244 1384 2259 ‚
1395 2224 1540 2257 colorum
1551 2229 1703 2274 negleffito
1714 2231 1895 2267 discrimine
1906 2232 2040 2280 spatium

1087 2268 1298 2308 retinuerunt,-
1311 2271 1456 2310 meliore,
1467 2274 1498 2306 ni
1507 2272 1602 2309 fallor
1612 2300 1621 2313 ,
1632 2280 1775 2321 consilio,
1789 2284 1886 2330 quam
1896 2283 2040 2330 superio-

1083 2330 1143 2351 res.
1170 2321 1283 2352 Parum
1293 2320 1380 2353 enim
1390 2321 1495 2356 nostra
1504 2324 1646 2365 interest,
1657 2329 1695 2362 ad
1707 2342 1802 2377 quam
1811 2333 1975 2367 nationem
1986 2346 2042 2367 au-

1084 2368 1190 2401 <stores
1199 2367 1324 2415 gestum
1335 2370 1465 2418 aliquod
1476 2375 1654 2415 retulerint,
1667 2391 1765 2426 quum
1774 2393 1922 2416 numerus
1931 2383 2040 2416 Abra-

1083 2417 1189 2455 hami,
1214 2418 1325 2466 regula
1346 2423 1378 2454 &
1394 2421 1491 2455 index
1509 2425 1654 2459 omnium
1673 2440 1830 2464 annorum
1841 2454 1849 2469 ‚
1871 2432 1904 2466 id
1928 2432 2039 2479 apert&

1084 2466 1297 2501 demonstret.
1310 2472 1411 2503 Anno
1422 2471 1562 2506 Marathi
1575 2476 1799 2522 Sicyoniorum
1809 2482 1893 2528 regis
1905 2482 2039 2515 undeci-

1084 2529 1139 2550 mo
1148 2517 1327 2551 Herculem
1339 2519 1528 2556 Desanaiim
1539 2523 1680 2560 claruisse
1696 2528 1728 2561 in
1736 2532 1895 2564 Phoenice
1904 2529 2037 2576 scripse-

1081 2577 1128 2599 rat
1137 2566 1249 2599 auCtor
1259 2567 1386 2614 quidam
1398 2592 1408 2607 ,
1429 2572 1513 2605 unde
1532 2572 1685 2609 Eusebius
1703 2589 1879 2625 excerpens
1890 2593 1954 2614 non
1964 2580 2035 2614 satis

1080 2615 1178 2648 habet
1189 2616 1205 2648 ἐ
1218 2617 1353 2663 regione
1364 2620 1438 2652 anni
1450 2632 1643 2657 cccchV1
1652 2637 1661 2658 1
1670 2637 1692 2658 ι.
1702 2627 1880 2678 Abraham}
1889 2631 1920 2663 in
1930 2628 2032 2677 spatio

1079 2664 1233 2698 historico
1243 2664 1407 2713 designare
1417 2691 1426 2707 ‚
1439 2670 1492 2716 qui
1502 2669 1675 2717 respondet
1683 2687 1768 2709 anno
1778 2678 1949 2712 undecimo
1960 2680 2035 2712 Ma-

1078 2714 1159 2747 rathi
1170 2714 1392 2760 Sicyoniorum
1403 2719 1487 2765 regis
1498 2741 1508 2757 ,
1518 2720 1572 2753 nisi
1582 2722 1678 2756 etiam
1689 2724 1810 2759 indicet
1819 2739 1951 2774 regnum
1962 2750 1971 2765 ,
1992 2727 2032 2761 ad

1077 2763 1164 2811 quod
1174 2767 1284 2796 auctor
1294 2791 1304 2808 ,
1320 2766 1404 2799 unde
1412 2770 1538 2814 accepit
1547 2769 1700 2804 Eusebius
1710 2801 1717 2812 ,
1728 2773 1806 2808 illud
1815 2775 1941 2822 gestum
1952 2788 2033 2809 cou-

1076 2813 1335 2859 tulit.Proptcrea
1345 2815 1430 2848 idem
1439 2817 1530 2855 color
1542 2818 1640 2853 debet
1651 2819 1713 2855 effe
1723 2822 1821 2857 litcrae
1832 2826 1932 2872 prime
1944 2827 2034 2859 Her-

1075 2862 1165 2900 culis,
1175 2874 1240 2910 quo
1249 2873 1356 2897 notata
1366 2863 1410 2898 est
1420 2864 1514 2899 series
1525 2879 1680 2911 annorum
1691 2871 1911 2907 MarathhSed
1921 2873 2031 2920 poste-

1076 2913 1177 2947 riores
1193 2911 1312 2955 librarii
1330 2913 1388 2947 hic
1399 2913 1535 2948 obscur&
1553 2917 1719 2966 diligentifft
1739 2921 1888 2956 damnatzi
1901 2946 1910 2962 ,
1930 2936 2029 2962 unum

1078 2963 1230 3010 quodque
1239 2961 1363 3008 gestum
1376 2964 1417 2997 eo
1430 2966 1639 3008 conjecerunt
1650 2996 1656 3007 ,
1676 2970 1742 3017 quo
1754 2969 1926 3006 similitudo
1936 2973 2032 3007 colo-

1075 3014 1116 3046 ris
1126 3011 1303 3045 indicabat:
1317 3023 1391 3059 puta
1403 3015 1580 3050 Herculem
1591 3016 1779 3053 Desanaiim
1791 3019 1845 3054 sub
1856 3022 2031 3056 undecimo

1077 3073 1161 3095 anno
1171 3061 1261 3112 regni
1271 3062 1492 3102 Marathi,non
1500 3076 1607 3100 autem
1617 3067 1648 3100 in
1658 3067 1761 3114 spatio
1772 3069 1935 3109 historico,
1942 3071 2031 3119 quod

1076 3123 1141 3144 non
1160 3110 1344 3156 posuerunt.
1368 3113 1435 3146 Alii
1452 3125 1565 3148 contra
1581 3113 1683 3161 spatio
1700 3129 1845 3164 retento,
1863 3133 2031 3170 omnege-

1076 3159 1199 3193 stumin
1211 3159 1288 3193 illud
1299 3162 1503 3196 contulerunt
1514 3191 1522 3204 ‚
1541 3161 1628 3197 nulli}
1640 3166 1764 3209 ratione
1773 3169 1885 3217 regni,
1904 3181 1955 3203 aut
1971 3183 2029 3205 na-

1076 3209 1172 3242 tionis
1183 3208 1303 3247 habita,
1315 3211 1353 3244 ad
1366 3223 1460 3258 quam
1470 3211 1502 3246 id
1511 3213 1636 3260 gestum
1646 3217 1803 3255 truciores,
1813 3219 1896 3253 unde
1905 3220 2031 3267 accepit

1076 3256 1230 3292 Eusebius
1241 3285 1249 3297 ‚
1270 3260 1459 3293 retulerunt.
1484 3263 1571 3296 I-sinc
1582 3265 1647 3297 nati
1656 3262 1726 3299 sunt
1737 3264 1880 3302 Codices
1890 3269 2028 3316 duplicis

1076 3307 1227 3353 exempli.
1254 3309 1372 3342 Prioris
1383 3310 1522 3355 generis,
1534 3313 1587 3359 qui
1598 3311 1731 3362 spatium
1743 3317 1952 3359 retinuerunt,
1958 3320 2029 3367 plu-

1075 3357 1153 3390 rima
1163 3366 1272 3390 extant
1282 3359 1488 3404 exemplaria,
1499 3359 1676 3405 cujusmodi
1687 3362 1847 3401 Codicum
1858 3367 2027 3404 habuimus

1074 3404 1198 3451 scripta,
1211 3415 1344 3452 anteum
1353 3405 1476 3453 scriptis
1486 3410 1601 3447 collata
1611 3434 1620 3450 ‚
1632 3423 1697 3447 tam
1707 3415 1790 3450 inter
1798 3414 1830 3451 se
1841 3415 1951 3455 similia
1963 3440 1972 3457 ‚
1990 3428 2026 3451 ut

1074 3467 1140 3488 uno
1155 3454 1296 3489 diffrante
1307 3480 1317 3496 ,
1339 3455 1355 3489 a
1377 3457 1519 3502 pluribus
1528 3461 1645 3502 eodem
1658 3474 1808 3512 tempore
1817 3477 1952 3514 excepta
1962 3467 2029 3501 esse

1074 3504 1267 3538 videamur:
1291 3505 1324 3539 in
1343 3505 1457 3553 quibus
1476 3507 1493 3541 Ξι
1512 3509 1690 3546 Consulatu
1701 3513 1880 3557 Ausonii&
1894 3516 2027 3563 Olybrii

1077 3566 1136 3600 pro
1156 3553 1325 3589 Chronico
1346 3547 1515 3591 Consulaii
1532 3558 1682 3608 Prosperi
1691 3562 1869 3608 subjeetum
1887 3565 1934 3599 est
1943 3564 2026 3598 aliud

1076 3601 1218 3649 ejusdem
1228 3604 1400 3651 Scriptoris
1413 3606 1606 3653 Chronicon
1617 3610 1682 3646 sine
1694 3613 1887 3648 Consulibus
1897 3641 1905 3654 ‚
1926 3617 1956 3647 &
1969 3622 2026 3657 per

1077 3652 1186 3686 omnia
1203 3653 1293 3702 alteri
1315 3654 1559 3692 diffimilliniutn
1571 3688 1579 3700 ‚
1600 3661 1687 3709 quod
1698 3663 1818 3710 excipit
1835 3660 2025 3696 Chronicon

1075 3700 1237 3750 Sigeberti
1248 3704 1403 3739 Monachi
1412 3706 1707 3744 Gemblacensis.ut
1716 3711 1789 3745 hinc
1797 3709 1939 3745 constare
1950 3704 2025 3753 pos-

1070 3748 1111 3786 ‘sit
1121 3746 1363 3800 hujus'e'xempli
1380 3755 1525 3791 Codices
1542 3771 1608 3792 non
1626 3760 1801 3795 admodum
1820 3757 1924 3792 multae
1935 3765 2027 3838 ἴξῐῐξ·

1329 3808 1353 3837 Α
1378 3815 1393 3849 3
1965 3813 2024 3837 ans
