<?xml version="1.0" encoding="UTF-8"?>
<!DOCTYPE html PUBLIC "-//W3C//DTD XHTML 1.0 Transitional//EN"
    "http://www.w3.org/TR/xhtml1/DTD/xhtml1-transitional.dtd">
<html xmlns="http://www.w3.org/1999/xhtml" xml:lang="en" lang="en">
 <head>
  <title>
</title>
<meta http-equiv="Content-Type" content="text/html;charset=utf-8" />
  <meta name='ocr-system' content='tesseract 3.04.00' />
  <meta name='ocr-capabilities' content='ocr_page ocr_carea ocr_par ocr_line ocrx_word'/>
</head>
<body>
  <div class='ocr_page' id='page_1' title='image "./thesaurustemporu00euse_0042.png"; bbox 0 0 2366 4040; ppageno 0'>
   <div class='ocr_carea' id='block_1_1' title="bbox 937 260 1635 302">
    <p class='ocr_par' dir='ltr' id='par_1_1' title="bbox 937 260 1635 302">
     <span class='ocr_line' id='line_1_1' title="bbox 937 260 1635 302; baseline -0.007 0"><span class='ocrx_word' id='word_1_1' title='bbox 937 260 1635 302; x_wconf 69' lang='lat' dir='ltr'>PROLE&#39;GOMENA,</span> 
     </span>
    </p>
   </div>
   <div class='ocr_carea' id='block_1_2' title="bbox 298 329 2337 1781">
    <p class='ocr_par' dir='ltr' id='par_1_2' title="bbox 298 329 2337 1642">
     <span class='ocr_line' id='line_1_2' title="bbox 312 329 2264 404; baseline -0.003 -14"><span class='ocrx_word' id='word_1_2' title='bbox 312 338 784 404; x_wconf 70' lang='lat' dir='ltr'>logeticumicripsiffe</span> <span class='ocrx_word' id='word_1_3' title='bbox 808 337 1010 400; x_wconf 89' lang='lat' dir='ltr'>putavit.</span> <span class='ocrx_word' id='word_1_4' title='bbox 1055 336 1165 379; x_wconf 81' lang='lat' dir='ltr'>Eam</span> <span class='ocrx_word' id='word_1_5' title='bbox 1185 330 1388 393; x_wconf 82' lang='lat' dir='ltr'>priorem</span> <span class='ocrx_word' id='word_1_6' title='bbox 1406 345 1584 395; x_wconf 90' lang='lat' dir='ltr'>partem</span> <span class='ocrx_word' id='word_1_7' title='bbox 1606 329 1663 376; x_wconf 89' lang='lat' dir='ltr'>ab</span> <span class='ocrx_word' id='word_1_8' title='bbox 1691 332 1980 395; x_wconf 84' lang='lat' dir='ltr'>Hieronymo</span> <span class='ocrx_word' id='word_1_9' title='bbox 2001 334 2264 384; x_wconf 85' lang='lat' dir='ltr'>conversam</span> 
     </span>
     <span class='ocr_line' id='line_1_3' title="bbox 306 395 2266 474; baseline -0.004 -15"><span class='ocrx_word' id='word_1_10' title='bbox 306 395 434 458; x_wconf 76' lang='lat' dir='ltr'>fuiffe</span> <span class='ocrx_word' id='word_1_11' title='bbox 451 409 651 474; x_wconf 87' lang='lat' dir='ltr'>superius</span> <span class='ocrx_word' id='word_1_12' title='bbox 668 407 980 463; x_wconf 79' lang='lat' dir='ltr'>indicavimu5‚</span> <span class='ocrx_word' id='word_1_13' title='bbox 1000 400 1122 461; x_wconf 89' lang='lat' dir='ltr'>cujus</span> <span class='ocrx_word' id='word_1_14' title='bbox 1139 398 1529 463; x_wconf 83' lang='lat' dir='ltr'>interpretationis</span> <span class='ocrx_word' id='word_1_15' title='bbox 1544 397 1653 447; x_wconf 87' lang='lat' dir='ltr'>nihil</span> <span class='ocrx_word' id='word_1_16' title='bbox 1671 399 1801 446; x_wconf 88' lang='lat' dir='ltr'>nobis</span> <span class='ocrx_word' id='word_1_17' title='bbox 1817 399 2046 465; x_wconf 90' lang='lat' dir='ltr'>reliquum</span> <span class='ocrx_word' id='word_1_18' title='bbox 2056 401 2165 451; x_wconf 87' lang='lat' dir='ltr'>fecit</span> <span class='ocrx_word' id='word_1_19' title='bbox 2178 422 2266 468; x_wconf 92' lang='lat' dir='ltr'>pu-</span> 
     </span>
     <span class='ocr_line' id='line_1_4' title="bbox 310 466 2266 542; baseline -0.004 -16"><span class='ocrx_word' id='word_1_20' title='bbox 310 480 377 526; x_wconf 88' lang='lat' dir='ltr'>tid</span> <span class='ocrx_word' id='word_1_21' title='bbox 387 496 458 525; x_wconf 88' lang='lat' dir='ltr'>um</span> <span class='ocrx_word' id='word_1_22' title='bbox 468 478 824 542; x_wconf 84' lang='lat' dir='ltr'>antiquariorum</span> <span class='ocrx_word' id='word_1_23' title='bbox 834 471 1073 527; x_wconf 78' lang='lat' dir='ltr'>fastidium,</span> <span class='ocrx_word' id='word_1_24' title='bbox 1087 483 1175 531; x_wconf 84' lang='lat' dir='ltr'>prae</span> <span class='ocrx_word' id='word_1_25' title='bbox 1183 479 1252 514; x_wconf 92' lang='lat' dir='ltr'>ter</span> <span class='ocrx_word' id='word_1_26' title='bbox 1265 469 1384 516; x_wconf 90' lang='lat' dir='ltr'>nuda</span> <span class='ocrx_word' id='word_1_27' title='bbox 1397 486 1570 535; x_wconf 86' lang='lat' dir='ltr'>regum,</span> <span class='ocrx_word' id='word_1_28' title='bbox 1587 471 1633 517; x_wconf 73' lang='lat'>8&lt;</span> <span class='ocrx_word' id='word_1_29' title='bbox 1647 466 1826 532; x_wconf 88' lang='lat' dir='ltr'>aliquot</span> <span class='ocrx_word' id='word_1_30' title='bbox 1837 468 2097 517; x_wconf 90' lang='lat' dir='ltr'>Consulum</span> <span class='ocrx_word' id='word_1_31' title='bbox 2116 474 2266 520; x_wconf 91' lang='lat' dir='ltr'>nomi-</span> 
     </span>
     <span class='ocr_line' id='line_1_5' title="bbox 307 534 2266 609; baseline -0.002 -15"><span class='ocrx_word' id='word_1_32' title='bbox 307 565 376 594; x_wconf 86' lang='lat' dir='ltr'>na.</span> <span class='ocrx_word' id='word_1_33' title='bbox 419 546 560 609; x_wconf 92' lang='lat' dir='ltr'>idque</span> <span class='ocrx_word' id='word_1_34' title='bbox 577 543 696 590; x_wconf 89' lang='lat' dir='ltr'>nulla</span> <span class='ocrx_word' id='word_1_35' title='bbox 715 541 797 589; x_wconf 91' lang='lat' dir='ltr'>alia</span> <span class='ocrx_word' id='word_1_36' title='bbox 813 541 870 587; x_wconf 89' lang='lat' dir='ltr'>de</span> <span class='ocrx_word' id='word_1_37' title='bbox 886 534 1025 584; x_wconf 80' lang='lat' dir='ltr'>caussa</span> <span class='ocrx_word' id='word_1_38' title='bbox 1041 535 1096 583; x_wconf 87' lang='lat' dir='ltr'>ab</span> <span class='ocrx_word' id='word_1_39' title='bbox 1109 536 1160 582; x_wconf 91' lang='lat' dir='ltr'>iis</span> <span class='ocrx_word' id='word_1_40' title='bbox 1175 534 1344 585; x_wconf 58' lang='lat' dir='ltr'>fafitum</span> <span class='ocrx_word' id='word_1_41' title='bbox 1364 575 1377 597; x_wconf 86' lang='lat'>‚</span> <span class='ocrx_word' id='word_1_42' title='bbox 1406 556 1542 603; x_wconf 89' lang='lat' dir='ltr'>quam</span> <span class='ocrx_word' id='word_1_43' title='bbox 1557 537 1681 604; x_wconf 92' lang='lat' dir='ltr'>quod</span> <span class='ocrx_word' id='word_1_44' title='bbox 1697 535 1838 599; x_wconf 86' lang='lat' dir='ltr'>major</span> <span class='ocrx_word' id='word_1_45' title='bbox 1853 554 1952 600; x_wconf 87' lang='lat' dir='ltr'>pars</span> <span class='ocrx_word' id='word_1_46' title='bbox 1965 540 2009 585; x_wconf 88' lang='lat' dir='ltr'>in</span> <span class='ocrx_word' id='word_1_47' title='bbox 2022 540 2266 590; x_wconf 90' lang='lat' dir='ltr'>Canonem</span> 
     </span>
     <span class='ocr_line' id='line_1_6' title="bbox 308 604 2269 675; baseline 0.002 -23"><span class='ocrx_word' id='word_1_48' title='bbox 308 613 518 675; x_wconf 63' lang='lat' dir='ltr'>conjesta</span> <span class='ocrx_word' id='word_1_49' title='bbox 532 612 641 660; x_wconf 78' lang='lat' dir='ltr'>effet</span> <span class='ocrx_word' id='word_1_50' title='bbox 654 609 822 673; x_wconf 74' lang='lat' dir='ltr'>abipso</span> <span class='ocrx_word' id='word_1_51' title='bbox 836 605 1118 669; x_wconf 86' lang='lat' dir='ltr'>Hieronymo</span> <span class='ocrx_word' id='word_1_52' title='bbox 1138 639 1152 661; x_wconf 86' lang='lat'>,</span> <span class='ocrx_word' id='word_1_53' title='bbox 1171 619 1225 652; x_wconf 93' lang='lat' dir='ltr'>ut</span> <span class='ocrx_word' id='word_1_54' title='bbox 1245 605 1322 654; x_wconf 90' lang='lat' dir='ltr'>illa</span> <span class='ocrx_word' id='word_1_55' title='bbox 1346 608 1501 655; x_wconf 89' lang='lat' dir='ltr'>iterari</span> <span class='ocrx_word' id='word_1_56' title='bbox 1514 604 1795 672; x_wconf 87' lang='lat' dir='ltr'>superfluum</span> <span class='ocrx_word' id='word_1_57' title='bbox 1819 605 1907 655; x_wconf 79' lang='lat' dir='ltr'>effe</span> <span class='ocrx_word' id='word_1_58' title='bbox 1921 607 2133 670; x_wconf 88' lang='lat' dir='ltr'>putarint.</span> <span class='ocrx_word' id='word_1_59' title='bbox 2175 609 2269 656; x_wconf 91' lang='lat' dir='ltr'>Sal-</span> 
     </span>
     <span class='ocr_line' id='line_1_7' title="bbox 309 670 2270 745; baseline -0.003 -15"><span class='ocrx_word' id='word_1_60' title='bbox 309 697 404 730; x_wconf 89' lang='lat' dir='ltr'>tem</span> <span class='ocrx_word' id='word_1_61' title='bbox 417 681 547 729; x_wconf 88' lang='lat' dir='ltr'>nobis</span> <span class='ocrx_word' id='word_1_62' title='bbox 560 678 790 745; x_wconf 73' lang='lat' dir='ltr'>praeclaras</span> <span class='ocrx_word' id='word_1_63' title='bbox 804 670 899 717; x_wconf 86' lang='lat' dir='ltr'>illas</span> <span class='ocrx_word' id='word_1_64' title='bbox 915 671 1240 738; x_wconf 90' lang='lat' dir='ltr'>Dynastiarum</span> <span class='ocrx_word' id='word_1_65' title='bbox 1253 712 1267 733; x_wconf 80' lang='lat'>,</span> <span class='ocrx_word' id='word_1_66' title='bbox 1282 692 1436 738; x_wconf 88' lang='lat' dir='ltr'>regum</span> <span class='ocrx_word' id='word_1_67' title='bbox 1452 714 1466 736; x_wconf 80' lang='lat'>,</span> <span class='ocrx_word' id='word_1_68' title='bbox 1481 691 1820 742; x_wconf 87' lang='lat' dir='ltr'>regnorumque</span> <span class='ocrx_word' id='word_1_69' title='bbox 1835 676 2050 742; x_wconf 84' lang='lat' dir='ltr'>Origines</span> <span class='ocrx_word' id='word_1_70' title='bbox 2065 675 2270 740; x_wconf 83' lang='lat' dir='ltr'>reliquis-</span> 
     </span>
     <span class='ocr_line' id='line_1_8' title="bbox 307 739 2268 810; baseline -0.003 -13"><span class='ocrx_word' id='word_1_71' title='bbox 307 750 419 797; x_wconf 85' lang='lat' dir='ltr'>sent.</span> <span class='ocrx_word' id='word_1_72' title='bbox 442 767 533 797; x_wconf 90' lang='lat' dir='ltr'>non</span> <span class='ocrx_word' id='word_1_73' title='bbox 545 747 655 794; x_wconf 86' lang='lat' dir='ltr'>male</span> <span class='ocrx_word' id='word_1_74' title='bbox 669 739 906 787; x_wconf 85' lang='lat' dir='ltr'>nobiscum</span> <span class='ocrx_word' id='word_1_75' title='bbox 923 755 1138 805; x_wconf 85' lang='lat' dir='ltr'>ageretur</span> <span class='ocrx_word' id='word_1_76' title='bbox 1157 777 1170 800; x_wconf 85' lang='lat'>‚</span> <span class='ocrx_word' id='word_1_77' title='bbox 1193 757 1344 803; x_wconf 90' lang='lat' dir='ltr'>neque</span> <span class='ocrx_word' id='word_1_78' title='bbox 1357 742 1421 788; x_wconf 92' lang='lat' dir='ltr'>ita</span> <span class='ocrx_word' id='word_1_79' title='bbox 1437 744 1554 788; x_wconf 88' lang='lat' dir='ltr'>male</span> <span class='ocrx_word' id='word_1_80' title='bbox 1568 744 1624 792; x_wconf 90' lang='lat' dir='ltr'>de</span> <span class='ocrx_word' id='word_1_81' title='bbox 1639 744 1907 810; x_wconf 85' lang='lat' dir='ltr'>posteritate</span> <span class='ocrx_word' id='word_1_82' title='bbox 1930 744 2083 792; x_wconf 88' lang='lat' dir='ltr'>meriti</span> <span class='ocrx_word' id='word_1_83' title='bbox 2105 745 2268 807; x_wconf 77' lang='lat' dir='ltr'>essent,</span> 
     </span>
     <span class='ocr_line' id='line_1_9' title="bbox 309 806 2272 883; baseline -0.003 -24"><span class='ocrx_word' id='word_1_84' title='bbox 309 836 464 883; x_wconf 82' lang='lat' dir='ltr'>quum,</span> <span class='ocrx_word' id='word_1_85' title='bbox 480 810 648 872; x_wconf 64' lang='lat' dir='ltr'>abjcsta</span> <span class='ocrx_word' id='word_1_86' title='bbox 660 806 792 869; x_wconf 89' lang='lat' dir='ltr'>hujus</span> <span class='ocrx_word' id='word_1_87' title='bbox 804 809 956 872; x_wconf 87' lang='lat' dir='ltr'>operis</span> <span class='ocrx_word' id='word_1_88' title='bbox 970 806 1191 854; x_wconf 85' lang='lat' dir='ltr'>nobiliori</span> <span class='ocrx_word' id='word_1_89' title='bbox 1210 820 1347 869; x_wconf 89' lang='lat' dir='ltr'>parte</span> <span class='ocrx_word' id='word_1_90' title='bbox 1364 844 1377 867; x_wconf 87' lang='lat'>,</span> <span class='ocrx_word' id='word_1_91' title='bbox 1398 806 1498 854; x_wconf 88' lang='lat' dir='ltr'>solo</span> <span class='ocrx_word' id='word_1_92' title='bbox 1515 811 1713 861; x_wconf 82' lang='lat' dir='ltr'>Canone</span> <span class='ocrx_word' id='word_1_93' title='bbox 1729 815 1939 861; x_wconf 82' lang='lat' dir='ltr'>contenti</span> <span class='ocrx_word' id='word_1_94' title='bbox 1951 812 2133 863; x_wconf 62' lang='lat' dir='ltr'>fuerint,</span> <span class='ocrx_word' id='word_1_95' title='bbox 2170 816 2272 862; x_wconf 81' lang='lat' dir='ltr'>Nos</span> 
     </span>
     <span class='ocr_line' id='line_1_10' title="bbox 305 873 2270 948; baseline -0.007 -15"><span class='ocrx_word' id='word_1_96' title='bbox 305 888 458 947; x_wconf 89' lang='lat' dir='ltr'>itaque</span> <span class='ocrx_word' id='word_1_97' title='bbox 477 892 723 943; x_wconf 85' lang='lat' dir='ltr'>antequam</span> <span class='ocrx_word' id='word_1_98' title='bbox 739 878 922 923; x_wconf 81' lang='lat' dir='ltr'>Graecas</span> <span class='ocrx_word' id='word_1_99' title='bbox 937 873 1280 939; x_wconf 83' lang='lat' dir='ltr'>reliquiasillius</span> <span class='ocrx_word' id='word_1_100' title='bbox 1295 876 1433 938; x_wconf 89' lang='lat' dir='ltr'>partis</span> <span class='ocrx_word' id='word_1_101' title='bbox 1446 875 2070 947; x_wconf 80' lang='lat' dir='ltr'>nancisceremur,postquam</span> <span class='ocrx_word' id='word_1_102' title='bbox 2085 899 2145 929; x_wconf 77' lang='lat' dir='ltr'>ex</span> <span class='ocrx_word' id='word_1_103' title='bbox 2160 900 2270 948; x_wconf 75' lang='lat' dir='ltr'>pro..</span> 
     </span>
     <span class='ocr_line' id='line_1_11' title="bbox 300 942 2272 1017; baseline 0.001 -19"><span class='ocrx_word' id='word_1_104' title='bbox 300 953 410 1015; x_wconf 84' lang='lat' dir='ltr'>logo</span> <span class='ocrx_word' id='word_1_105' title='bbox 428 948 637 995; x_wconf 86' lang='lat' dir='ltr'>Canonis</span> <span class='ocrx_word' id='word_1_106' title='bbox 656 959 857 993; x_wconf 86' lang='lat' dir='ltr'>mentem</span> <span class='ocrx_word' id='word_1_107' title='bbox 883 961 935 991; x_wconf 92' lang='lat' dir='ltr'>ac</span> <span class='ocrx_word' id='word_1_108' title='bbox 964 942 1249 1009; x_wconf 76' lang='lat' dir='ltr'>¹propositum</span> <span class='ocrx_word' id='word_1_109' title='bbox 1274 943 1462 990; x_wconf 88' lang='lat' dir='ltr'>Eusebii</span> <span class='ocrx_word' id='word_1_110' title='bbox 1476 942 1663 991; x_wconf 79' lang='lat' dir='ltr'>assecuti</span> <span class='ocrx_word' id='word_1_111' title='bbox 1680 945 1895 1005; x_wconf 73' lang='lat' dir='ltr'>effemu3‚</span> <span class='ocrx_word' id='word_1_112' title='bbox 1916 949 2145 1012; x_wconf 82' lang='lat' dir='ltr'>historias,</span> <span class='ocrx_word' id='word_1_113' title='bbox 2169 968 2272 1017; x_wconf 87' lang='lat' dir='ltr'>quae</span> 
     </span>
     <span class='ocr_line' id='line_1_12' title="bbox 302 1011 2273 1089; baseline -0.003 -19"><span class='ocrx_word' id='word_1_114' title='bbox 302 1023 352 1073; x_wconf 71' lang='grc' dir='ltr'>ἀν</span> <span class='ocrx_word' id='word_1_115' title='bbox 367 1013 525 1088; x_wconf 52' lang='grc' dir='ltr'><em>χωρίῳ</em></span> <span class='ocrx_word' id='word_1_116' title='bbox 553 1011 735 1081; x_wconf 61' lang='grc' dir='ltr'><em>ἱςοακῷ</em></span> <span class='ocrx_word' id='word_1_117' title='bbox 761 1022 969 1069; x_wconf 89' lang='lat' dir='ltr'>Canonis</span> <span class='ocrx_word' id='word_1_118' title='bbox 984 1033 1298 1086; x_wconf 83' lang='lat' dir='ltr'>exponuntur,</span> <span class='ocrx_word' id='word_1_119' title='bbox 1315 1019 1586 1086; x_wconf 84' lang='lat' dir='ltr'>colligentes</span> <span class='ocrx_word' id='word_1_120' title='bbox 1604 1013 1712 1066; x_wconf 58' lang='grc' dir='ltr'><strong><em>κεῖθ’</em></strong></span> <span class='ocrx_word' id='word_1_121' title='bbox 1733 1012 1940 1080; x_wconf 32' lang='grc' dir='ltr'>ὁμάδκας,</span> <span class='ocrx_word' id='word_1_122' title='bbox 1963 1023 2153 1089; x_wconf 85' lang='lat' dir='ltr'>aliquod</span> <span class='ocrx_word' id='word_1_123' title='bbox 2166 1045 2273 1075; x_wconf 70' lang='lat' dir='ltr'>cor-</span> 
     </span>
     <span class='ocr_line' id='line_1_13' title="bbox 301 1088 2276 1160; baseline 0.001 -18"><span class='ocrx_word' id='word_1_124' title='bbox 301 1112 387 1160; x_wconf 92' lang='lat' dir='ltr'>pus</span> <span class='ocrx_word' id='word_1_125' title='bbox 401 1093 688 1141; x_wconf 85' lang='lat' dir='ltr'>confecimus</span> <span class='ocrx_word' id='word_1_126' title='bbox 706 1128 718 1151; x_wconf 83' lang='grc'>,</span> <span class='ocrx_word' id='word_1_127' title='bbox 743 1090 873 1155; x_wconf 93' lang='lat' dir='ltr'>quod</span> <span class='ocrx_word' id='word_1_128' title='bbox 891 1092 1080 1155; x_wconf 89' lang='lat' dir='ltr'>propius</span> <span class='ocrx_word' id='word_1_129' title='bbox 1104 1089 1128 1137; x_wconf 74' lang='lat' dir='ltr'>a</span> <span class='ocrx_word' id='word_1_130' title='bbox 1148 1103 1305 1153; x_wconf 85' lang='lat' dir='ltr'>mente</span> <span class='ocrx_word' id='word_1_131' title='bbox 1333 1088 1519 1137; x_wconf 86' lang='lat' dir='ltr'>Eusebii</span> <span class='ocrx_word' id='word_1_132' title='bbox 1538 1089 1689 1137; x_wconf 75' lang='lat' dir='ltr'>abess&#39;e</span> <span class='ocrx_word' id='word_1_133' title='bbox 1706 1092 1989 1154; x_wconf 86' lang='lat' dir='ltr'>putabamus.</span> <span class='ocrx_word' id='word_1_134' title='bbox 2030 1093 2276 1160; x_wconf 86' lang='lat' dir='ltr'>Postquam</span> 
     </span>
     <span class='ocr_line' id='line_1_14' title="bbox 302 1157 2274 1225; baseline 0.001 -14"><span class='ocrx_word' id='word_1_135' title='bbox 302 1161 556 1211; x_wconf 91' lang='lat' dir='ltr'>autemillis</span> <span class='ocrx_word' id='word_1_136' title='bbox 570 1160 772 1225; x_wconf 87' lang='lat' dir='ltr'>reliquiis</span> <span class='ocrx_word' id='word_1_137' title='bbox 787 1162 959 1207; x_wconf 86' lang='lat' dir='ltr'>Graecis</span> <span class='ocrx_word' id='word_1_138' title='bbox 975 1161 1111 1225; x_wconf 87' lang='lat' dir='ltr'>potiti</span> <span class='ocrx_word' id='word_1_139' title='bbox 1123 1159 1271 1207; x_wconf 89' lang='lat' dir='ltr'>sumus</span> <span class='ocrx_word' id='word_1_140' title='bbox 1284 1196 1298 1218; x_wconf 87' lang='lat'><em>,</em></span> <span class='ocrx_word' id='word_1_141' title='bbox 1323 1176 1415 1206; x_wconf 89' lang='lat' dir='ltr'>non</span> <span class='ocrx_word' id='word_1_142' title='bbox 1446 1158 1578 1209; x_wconf 87' lang='lat' dir='ltr'>aliter</span> <span class='ocrx_word' id='word_1_143' title='bbox 1601 1158 1658 1205; x_wconf 90' lang='lat' dir='ltr'>ab</span> <span class='ocrx_word' id='word_1_144' title='bbox 1682 1157 1887 1207; x_wconf 87' lang='lat' dir='ltr'>Eusebio</span> <span class='ocrx_word' id='word_1_145' title='bbox 1900 1161 2134 1225; x_wconf 83' lang='lat' dir='ltr'>dispositas</span> <span class='ocrx_word' id='word_1_146' title='bbox 2146 1163 2274 1212; x_wconf 90' lang='lat' dir='ltr'>fuisse</span> 
     </span>
     <span class='ocr_line' id='line_1_15' title="bbox 303 1228 2276 1294; baseline 0.001 -15"><span class='ocrx_word' id='word_1_147' title='bbox 303 1231 724 1290; x_wconf 76' lang='lat' dir='ltr'>animadvertimus,</span> <span class='ocrx_word' id='word_1_148' title='bbox 741 1246 877 1294; x_wconf 87' lang='lat' dir='ltr'>quam</span> <span class='ocrx_word' id='word_1_149' title='bbox 892 1228 1130 1293; x_wconf 90' lang='lat' dir='ltr'>quomodo</span> <span class='ocrx_word' id='word_1_150' title='bbox 1144 1246 1223 1275; x_wconf 91' lang='lat' dir='ltr'>nos</span> <span class='ocrx_word' id='word_1_151' title='bbox 1234 1229 1397 1276; x_wconf 91' lang='lat' dir='ltr'>Latina</span> <span class='ocrx_word' id='word_1_152' title='bbox 1416 1243 1545 1277; x_wconf 87' lang='lat' dir='ltr'>antea</span> <span class='ocrx_word' id='word_1_153' title='bbox 1562 1228 1895 1294; x_wconf 83' lang='lat' dir='ltr'>digefferamus.</span> <span class='ocrx_word' id='word_1_154' title='bbox 1938 1232 2101 1294; x_wconf 87' lang='lat' dir='ltr'>Itaque</span> <span class='ocrx_word' id='word_1_155' title='bbox 2127 1232 2160 1278; x_wconf 87' lang='lat' dir='ltr'>fi</span> <span class='ocrx_word' id='word_1_156' title='bbox 2180 1251 2276 1280; x_wconf 87' lang='lat' dir='ltr'>non</span> 
     </span>
     <span class='ocr_line' id='line_1_16' title="bbox 299 1297 2276 1365; baseline 0.001 -18"><span class='ocrx_word' id='word_1_157' title='bbox 299 1300 442 1365; x_wconf 89' lang='lat' dir='ltr'>ipsum</span> <span class='ocrx_word' id='word_1_158' title='bbox 454 1315 641 1364; x_wconf 66' lang='lat' dir='ltr'>corpm,</span> <span class='ocrx_word' id='word_1_159' title='bbox 657 1315 753 1345; x_wconf 91' lang='lat' dir='ltr'>non</span> <span class='ocrx_word' id='word_1_160' title='bbox 768 1299 960 1346; x_wconf 76' lang='lat' dir='ltr'>omnin&#39;o</span> <span class='ocrx_word' id='word_1_161' title='bbox 975 1312 1125 1347; x_wconf 90' lang='lat' dir='ltr'>tamen</span> <span class='ocrx_word' id='word_1_162' title='bbox 1141 1297 1349 1345; x_wconf 87' lang='lat' dir='ltr'>diffimile</span> <span class='ocrx_word' id='word_1_163' title='bbox 1361 1299 1404 1345; x_wconf 89' lang='lat' dir='ltr'>ei</span> <span class='ocrx_word' id='word_1_164' title='bbox 1425 1336 1437 1359; x_wconf 84' lang='lat'>‚</span> <span class='ocrx_word' id='word_1_165' title='bbox 1457 1298 1583 1363; x_wconf 92' lang='lat' dir='ltr'>quod</span> <span class='ocrx_word' id='word_1_166' title='bbox 1604 1298 1660 1346; x_wconf 92' lang='lat' dir='ltr'>ab</span> <span class='ocrx_word' id='word_1_167' title='bbox 1683 1297 1870 1346; x_wconf 61' lang='lat' dir='ltr'>au&lt;store</span> <span class='ocrx_word' id='word_1_168' title='bbox 1894 1297 2156 1347; x_wconf 89' lang='lat' dir='ltr'>institutum</span> <span class='ocrx_word' id='word_1_169' title='bbox 2168 1299 2276 1363; x_wconf 84' lang='lat' dir='ltr'>fuit,</span> 
     </span>
     <span class='ocr_line' id='line_1_17' title="bbox 301 1365 2276 1434; baseline 0.001 -18"><span class='ocrx_word' id='word_1_170' title='bbox 301 1366 590 1427; x_wconf 80' lang='lat' dir='ltr'>exhibemus,</span> <span class='ocrx_word' id='word_1_171' title='bbox 608 1386 664 1415; x_wconf 88' lang='lat' dir='ltr'>ne</span> <span class='ocrx_word' id='word_1_172' title='bbox 681 1365 767 1414; x_wconf 90' lang='lat' dir='ltr'>hac</span> <span class='ocrx_word' id='word_1_173' title='bbox 782 1381 915 1432; x_wconf 88' lang='lat' dir='ltr'>parte</span> <span class='ocrx_word' id='word_1_174' title='bbox 932 1367 1213 1417; x_wconf 87' lang='lat' dir='ltr'>claudicaret</span> <span class='ocrx_word' id='word_1_175' title='bbox 1230 1367 1375 1414; x_wconf 89' lang='lat' dir='ltr'>editio</span> <span class='ocrx_word' id='word_1_176' title='bbox 1390 1369 1561 1417; x_wconf 84' lang='lat' dir='ltr'>Latina.</span> <span class='ocrx_word' id='word_1_177' title='bbox 1609 1369 1770 1414; x_wconf 89' lang='lat' dir='ltr'>Graeca</span> <span class='ocrx_word' id='word_1_178' title='bbox 1785 1381 1939 1415; x_wconf 88' lang='lat' dir='ltr'>autem</span> <span class='ocrx_word' id='word_1_179' title='bbox 1953 1405 1968 1428; x_wconf 85' lang='lat'><em>‚</em></span> <span class='ocrx_word' id='word_1_180' title='bbox 1986 1385 2276 1434; x_wconf 80' lang='lat' dir='ltr'>quaecunque</span> 
     </span>
     <span class='ocr_line' id='line_1_18' title="bbox 299 1434 2278 1504; baseline 0.001 -19"><span class='ocrx_word' id='word_1_181' title='bbox 299 1436 495 1486; x_wconf 88' lang='lat' dir='ltr'>nancisci</span> <span class='ocrx_word' id='word_1_182' title='bbox 513 1436 770 1502; x_wconf 84' lang='lat' dir='ltr'>potuimus,</span> <span class='ocrx_word' id='word_1_183' title='bbox 785 1435 943 1497; x_wconf 86' lang='lat' dir='ltr'>majori</span> <span class='ocrx_word' id='word_1_184' title='bbox 961 1455 1020 1484; x_wconf 81' lang='lat' dir='ltr'>ex</span> <span class='ocrx_word' id='word_1_185' title='bbox 1035 1450 1168 1502; x_wconf 87' lang='lat' dir='ltr'>parte</span> <span class='ocrx_word' id='word_1_186' title='bbox 1182 1437 1205 1484; x_wconf 74' lang='lat' dir='ltr'>a</span> <span class='ocrx_word' id='word_1_187' title='bbox 1220 1439 1432 1504; x_wconf 82' lang='lat' dir='ltr'>Georgio</span> <span class='ocrx_word' id='word_1_188' title='bbox 1450 1435 1625 1484; x_wconf 89' lang='lat' dir='ltr'>Tarasii</span> <span class='ocrx_word' id='word_1_189' title='bbox 1643 1434 1911 1485; x_wconf 88' lang='lat' dir='ltr'>Patriarchae</span> <span class='ocrx_word' id='word_1_190' title='bbox 1923 1435 2126 1502; x_wconf 89' lang='lat' dir='ltr'>syncello</span> <span class='ocrx_word' id='word_1_191' title='bbox 2137 1439 2278 1487; x_wconf 87' lang='lat' dir='ltr'>habe-</span> 
     </span>
     <span class='ocr_line' id='line_1_19' title="bbox 298 1504 2337 1572; baseline 0 -19"><span class='ocrx_word' id='word_1_192' title='bbox 298 1524 395 1554; x_wconf 90' lang='lat' dir='ltr'>mus</span> <span class='ocrx_word' id='word_1_193' title='bbox 421 1525 430 1551; x_wconf 90' lang='lat'><strong>:</strong></span> <span class='ocrx_word' id='word_1_194' title='bbox 462 1504 667 1571; x_wconf 85' lang='lat' dir='ltr'>quaedam</span> <span class='ocrx_word' id='word_1_195' title='bbox 682 1507 822 1553; x_wconf 87' lang='lat' dir='ltr'>etiam</span> <span class='ocrx_word' id='word_1_196' title='bbox 845 1506 868 1552; x_wconf 74' lang='lat' dir='ltr'>a</span> <span class='ocrx_word' id='word_1_197' title='bbox 890 1505 1207 1572; x_wconf 89' lang='lat' dir='ltr'>Chronologo</span> <span class='ocrx_word' id='word_1_198' title='bbox 1225 1508 1541 1566; x_wconf 78' lang='lat' dir='ltr'>innominato,</span> <span class='ocrx_word' id='word_1_199' title='bbox 1562 1505 1795 1555; x_wconf 84' lang='lat' dir='ltr'>beneficio</span> <span class='ocrx_word' id='word_1_200' title='bbox 1816 1507 1901 1555; x_wconf 90' lang='lat' dir='ltr'>viri</span> <span class='ocrx_word' id='word_1_201' title='bbox 1928 1523 2159 1572; x_wconf 86' lang='lat' dir='ltr'>nunquam</span> <span class='ocrx_word' id='word_1_202' title='bbox 2176 1507 2278 1555; x_wconf 89' lang='lat' dir='ltr'>satis</span> <span class='ocrx_word' id='word_1_203' title='bbox 2333 1512 2337 1514; x_wconf 84' lang='grc'><strong>’</strong></span> 
     </span>
     <span class='ocr_line' id='line_1_20' title="bbox 301 1573 2306 1642; baseline 0 -20"><span class='ocrx_word' id='word_1_204' title='bbox 301 1574 471 1622; x_wconf 88' lang='lat' dir='ltr'>laudati</span> <span class='ocrx_word' id='word_1_205' title='bbox 493 1574 642 1623; x_wconf 89' lang='lat' dir='ltr'>Isaacii</span> <span class='ocrx_word' id='word_1_206' title='bbox 657 1573 922 1623; x_wconf 89' lang='lat' dir='ltr'>Casauboni</span> <span class='ocrx_word' id='word_1_207' title='bbox 935 1613 949 1635; x_wconf 85' lang='lat'>‚</span> <span class='ocrx_word' id='word_1_208' title='bbox 971 1593 1087 1639; x_wconf 86' lang='lat' dir='ltr'>quos</span> <span class='ocrx_word' id='word_1_209' title='bbox 1105 1575 1260 1624; x_wconf 87' lang='lat' dir='ltr'>Fastos</span> <span class='ocrx_word' id='word_1_210' title='bbox 1280 1575 1455 1623; x_wconf 89' lang='lat' dir='ltr'>Siculos</span> <span class='ocrx_word' id='word_1_211' title='bbox 1472 1590 1640 1624; x_wconf 89' lang='lat' dir='ltr'>vocant</span> <span class='ocrx_word' id='word_1_212' title='bbox 1663 1595 1675 1622; x_wconf 74' lang='grc' dir='ltr'><strong><em>ε</em></strong></span> <span class='ocrx_word' id='word_1_213' title='bbox 1701 1593 1857 1641; x_wconf 91' lang='lat' dir='ltr'>neque</span> <span class='ocrx_word' id='word_1_214' title='bbox 1873 1576 2050 1641; x_wconf 56' lang='lat' dir='ltr'>pauca&amp;</span> <span class='ocrx_word' id='word_1_215' title='bbox 2063 1576 2278 1642; x_wconf 90' lang='lat' dir='ltr'>Georgio</span> <span class='ocrx_word' id='word_1_216' title='bbox 2293 1633 2306 1641; x_wconf 23' lang='grc' dir='ltr'>Χ</span> 
     </span>
    </p>

    <p class='ocr_par' dir='ltr' id='par_1_3' title="bbox 298 1642 2278 1781">
     <span class='ocr_line' id='line_1_21' title="bbox 299 1642 2277 1711; baseline 0 -19"><span class='ocrx_word' id='word_1_217' title='bbox 299 1642 548 1702; x_wconf 86' lang='lat' dir='ltr'>Cedreno‚</span> <span class='ocrx_word' id='word_1_218' title='bbox 569 1645 650 1709; x_wconf 89' lang='lat' dir='ltr'>qui</span> <span class='ocrx_word' id='word_1_219' title='bbox 669 1644 811 1692; x_wconf 87' lang='lat' dir='ltr'>multa</span> <span class='ocrx_word' id='word_1_220' title='bbox 835 1643 1149 1692; x_wconf 90' lang='lat' dir='ltr'>Eusebianain</span> <span class='ocrx_word' id='word_1_221' title='bbox 1166 1644 1294 1693; x_wconf 90' lang='lat' dir='ltr'>suum</span> <span class='ocrx_word' id='word_1_222' title='bbox 1317 1659 1568 1694; x_wconf 90' lang='lat' dir='ltr'>centonem</span> <span class='ocrx_word' id='word_1_223' title='bbox 1590 1644 1867 1706; x_wconf 81' lang='lat' dir='ltr'>inculcavit,</span> <span class='ocrx_word' id='word_1_224' title='bbox 1896 1662 1992 1692; x_wconf 90' lang='lat' dir='ltr'>non</span> <span class='ocrx_word' id='word_1_225' title='bbox 2014 1645 2198 1711; x_wconf 91' lang='lat' dir='ltr'>quidem</span> <span class='ocrx_word' id='word_1_226' title='bbox 2218 1643 2277 1692; x_wconf 90' lang='lat' dir='ltr'>ab</span> 
     </span>
     <span class='ocr_line' id='line_1_22' title="bbox 298 1711 2278 1781; baseline 0.001 -23"><span class='ocrx_word' id='word_1_227' title='bbox 298 1711 500 1760; x_wconf 88' lang='lat' dir='ltr'>Eusebio</span> <span class='ocrx_word' id='word_1_228' title='bbox 512 1715 684 1777; x_wconf 82' lang='lat' dir='ltr'>petita,</span> <span class='ocrx_word' id='word_1_229' title='bbox 708 1712 785 1760; x_wconf 92' lang='lat' dir='ltr'>sed</span> <span class='ocrx_word' id='word_1_230' title='bbox 812 1712 836 1760; x_wconf 70' lang='lat' dir='ltr'>a</span> <span class='ocrx_word' id='word_1_231' title='bbox 858 1715 1069 1781; x_wconf 82' lang='lat' dir='ltr'>Georgio</span> <span class='ocrx_word' id='word_1_232' title='bbox 1083 1713 1318 1780; x_wconf 87' lang='lat' dir='ltr'>Syncello.</span> <span class='ocrx_word' id='word_1_233' title='bbox 1360 1715 1561 1764; x_wconf 85' lang='lat' dir='ltr'>Acceffit</span> <span class='ocrx_word' id='word_1_234' title='bbox 1582 1715 1649 1762; x_wconf 85' lang='lat' dir='ltr'>his</span> <span class='ocrx_word' id='word_1_235' title='bbox 1674 1714 1887 1763; x_wconf 87' lang='lat' dir='ltr'>cumulus</span> <span class='ocrx_word' id='word_1_236' title='bbox 1912 1715 2137 1762; x_wconf 89' lang='lat' dir='ltr'>comitate</span> <span class='ocrx_word' id='word_1_237' title='bbox 2159 1712 2278 1778; x_wconf 84' lang='lat' dir='ltr'>ejus-</span> 
     </span>
    </p>
   </div>
   <div class='ocr_carea' id='block_1_3' title="bbox 295 1785 2282 3338">
    <p class='ocr_par' dir='ltr' id='par_1_4' title="bbox 295 1785 2282 3338">
     <span class='ocr_line' id='line_1_23' title="bbox 297 1785 2279 1856; baseline 0.001 -21"><span class='ocrx_word' id='word_1_238' title='bbox 297 1788 421 1849; x_wconf 82' lang='lat' dir='ltr'>dem,</span> <span class='ocrx_word' id='word_1_239' title='bbox 436 1806 575 1854; x_wconf 88' lang='lat' dir='ltr'>quem</span> <span class='ocrx_word' id='word_1_240' title='bbox 591 1789 736 1838; x_wconf 90' lang='lat' dir='ltr'>modo</span> <span class='ocrx_word' id='word_1_241' title='bbox 750 1791 1010 1853; x_wconf 79' lang='lat' dir='ltr'>nominavi,</span> <span class='ocrx_word' id='word_1_242' title='bbox 1031 1789 1366 1856; x_wconf 84' lang='lat' dir='ltr'>praestantiffimi</span> <span class='ocrx_word' id='word_1_243' title='bbox 1390 1794 1500 1855; x_wconf 78' lang='lat' dir='ltr'>viri,</span> <span class='ocrx_word' id='word_1_244' title='bbox 1525 1785 1768 1852; x_wconf 64' lang='lat' dir='ltr'>soea‘iov‘lnoq</span> <span class='ocrx_word' id='word_1_245' title='bbox 1783 1825 1796 1848; x_wconf 81' lang='grc'>,</span> <span class='ocrx_word' id='word_1_246' title='bbox 1822 1794 1869 1840; x_wconf 90' lang='lat'>&amp;</span> <span class='ocrx_word' id='word_1_247' title='bbox 1893 1791 1975 1838; x_wconf 88' lang='lat' dir='ltr'>alia</span> <span class='ocrx_word' id='word_1_248' title='bbox 1997 1790 2279 1840; x_wconf 88' lang='lat' dir='ltr'>immortalia</span> 
     </span>
     <span class='ocr_line' id='line_1_24' title="bbox 298 1858 2281 1927; baseline 0.002 -23"><span class='ocrx_word' id='word_1_249' title='bbox 298 1871 593 1907; x_wconf 87' lang='lat' dir='ltr'>monumenta</span> <span class='ocrx_word' id='word_1_250' title='bbox 606 1898 619 1921; x_wconf 80' lang='lat'>‚</span> <span class='ocrx_word' id='word_1_251' title='bbox 639 1877 739 1924; x_wconf 85' lang='lat' dir='ltr'>quae</span> <span class='ocrx_word' id='word_1_252' title='bbox 758 1860 803 1906; x_wconf 90' lang='lat' dir='ltr'>in</span> <span class='ocrx_word' id='word_1_253' title='bbox 828 1860 1003 1908; x_wconf 90' lang='lat' dir='ltr'>calcem</span> <span class='ocrx_word' id='word_1_254' title='bbox 1017 1863 1286 1910; x_wconf 83' lang='lat' dir='ltr'>Graecorum</span> <span class='ocrx_word' id='word_1_255' title='bbox 1303 1861 1670 1911; x_wconf 86' lang='lat' dir='ltr'>Eusebianorum</span> <span class='ocrx_word' id='word_1_256' title='bbox 1684 1860 1963 1924; x_wconf 85' lang='lat' dir='ltr'>conjecimus</span> <span class='ocrx_word' id='word_1_257' title='bbox 1977 1898 1990 1923; x_wconf 85' lang='lat'>‚</span> <span class='ocrx_word' id='word_1_258' title='bbox 2008 1860 2136 1927; x_wconf 92' lang='lat' dir='ltr'>quod</span> <span class='ocrx_word' id='word_1_259' title='bbox 2149 1878 2204 1908; x_wconf 92' lang='lat' dir='ltr'>ea</span> <span class='ocrx_word' id='word_1_260' title='bbox 2213 1858 2281 1906; x_wconf 60' lang='lat' dir='ltr'>se-‘</span> 
     </span>
     <span class='ocr_line' id='line_1_25' title="bbox 295 1926 2280 1992; baseline 0 -20"><span class='ocrx_word' id='word_1_261' title='bbox 295 1943 347 1972; x_wconf 90' lang='lat' dir='ltr'>ro</span> <span class='ocrx_word' id='word_1_262' title='bbox 361 1926 697 1992; x_wconf 79' lang='lat' dir='ltr'>accepissemus.</span> <span class='ocrx_word' id='word_1_263' title='bbox 743 1932 904 1987; x_wconf 82' lang='lat' dir='ltr'>Qum</span> <span class='ocrx_word' id='word_1_264' title='bbox 916 1943 1067 1976; x_wconf 91' lang='lat' dir='ltr'>autem</span> <span class='ocrx_word' id='word_1_265' title='bbox 1089 1928 1207 1976; x_wconf 87' lang='lat' dir='ltr'>nihil</span> <span class='ocrx_word' id='word_1_266' title='bbox 1225 1931 1455 1987; x_wconf 87' lang='lat' dir='ltr'>reliquum</span> <span class='ocrx_word' id='word_1_267' title='bbox 1470 1932 1719 1988; x_wconf 61' lang='lat' dir='ltr'>diligentiae</span> <span class='ocrx_word' id='word_1_268' title='bbox 1737 1931 1984 1970; x_wconf 77' lang='lat' dir='ltr'>fecerimus</span> <span class='ocrx_word' id='word_1_269' title='bbox 1996 1966 2012 1981; x_wconf 84' lang='lat'><em>,</em></span> <span class='ocrx_word' id='word_1_270' title='bbox 2034 1947 2131 1974; x_wconf 89' lang='lat' dir='ltr'>non</span> <span class='ocrx_word' id='word_1_271' title='bbox 2145 1927 2280 1973; x_wconf 92' lang='lat' dir='ltr'>dubi-</span> 
     </span>
     <span class='ocr_line' id='line_1_26' title="bbox 296 1989 2281 2061; baseline -0.001 -20"><span class='ocrx_word' id='word_1_272' title='bbox 296 2007 348 2041; x_wconf 87' lang='lat' dir='ltr'>to</span> <span class='ocrx_word' id='word_1_273' title='bbox 371 2008 546 2053; x_wconf 85' lang='lat' dir='ltr'>tamen,</span> <span class='ocrx_word' id='word_1_274' title='bbox 559 1998 671 2061; x_wconf 90' lang='lat' dir='ltr'>quin</span> <span class='ocrx_word' id='word_1_275' title='bbox 682 1991 795 2041; x_wconf 86' lang='lat' dir='ltr'>mihi</span> <span class='ocrx_word' id='word_1_276' title='bbox 812 1993 1056 2056; x_wconf 86' lang='lat' dir='ltr'>contingat</span> <span class='ocrx_word' id='word_1_277' title='bbox 1068 2029 1082 2050; x_wconf 87' lang='lat'>,</span> <span class='ocrx_word' id='word_1_278' title='bbox 1100 1990 1230 2054; x_wconf 89' lang='lat' dir='ltr'>quod</span> <span class='ocrx_word' id='word_1_279' title='bbox 1249 1992 1350 2037; x_wconf 89' lang='lat' dir='ltr'>viro</span> <span class='ocrx_word' id='word_1_280' title='bbox 1366 1993 1551 2054; x_wconf 91' lang='lat' dir='ltr'>optimo</span> <span class='ocrx_word' id='word_1_281' title='bbox 1563 1993 1609 2039; x_wconf 74' lang='lat'>8&lt;</span> <span class='ocrx_word' id='word_1_282' title='bbox 1623 1989 1876 2038; x_wconf 72' lang='lat' dir='ltr'>doffiffimo</span> <span class='ocrx_word' id='word_1_283' title='bbox 1893 2005 1997 2039; x_wconf 88' lang='lat' dir='ltr'>ante</span> <span class='ocrx_word' id='word_1_284' title='bbox 2013 1990 2194 2055; x_wconf 90' lang='lat' dir='ltr'>aliquot</span> <span class='ocrx_word' id='word_1_285' title='bbox 2204 2011 2281 2040; x_wconf 87' lang='lat' dir='ltr'>an-</span> 
     </span>
     <span class='ocr_line' id='line_1_27' title="bbox 296 2054 2280 2125; baseline 0.001 -18"><span class='ocrx_word' id='word_1_286' title='bbox 296 2078 377 2108; x_wconf 91' lang='lat' dir='ltr'>nos</span> <span class='ocrx_word' id='word_1_287' title='bbox 388 2096 402 2118; x_wconf 84' lang='lat'>‚</span> <span class='ocrx_word' id='word_1_288' title='bbox 429 2064 509 2123; x_wconf 90' lang='lat' dir='ltr'>qui</span> <span class='ocrx_word' id='word_1_289' title='bbox 524 2079 666 2123; x_wconf 88' lang='lat' dir='ltr'>quum</span> <span class='ocrx_word' id='word_1_290' title='bbox 679 2059 874 2104; x_wconf 88' lang='lat' dir='ltr'>studiose</span> <span class='ocrx_word' id='word_1_291' title='bbox 890 2073 1049 2102; x_wconf 87' lang='lat' dir='ltr'>omnes</span> <span class='ocrx_word' id='word_1_292' title='bbox 1063 2057 1283 2119; x_wconf 85' lang='lat' dir='ltr'>reliquias</span> <span class='ocrx_word' id='word_1_293' title='bbox 1303 2059 1459 2102; x_wconf 89' lang='lat' dir='ltr'>Irenaei</span> <span class='ocrx_word' id='word_1_294' title='bbox 1475 2059 1661 2105; x_wconf 88' lang='lat' dir='ltr'>Graecas</span> <span class='ocrx_word' id='word_1_295' title='bbox 1675 2074 1734 2103; x_wconf 83' lang='lat' dir='ltr'>ex</span> <span class='ocrx_word' id='word_1_296' title='bbox 1747 2054 2017 2122; x_wconf 85' lang='lat' dir='ltr'>Epiphanio</span> <span class='ocrx_word' id='word_1_297' title='bbox 2032 2060 2280 2125; x_wconf 85' lang='lat' dir='ltr'>excerpsis—</span> 
     </span>
     <span class='ocr_line' id='line_1_28' title="bbox 297 2122 2281 2196; baseline 0.001 -20"><span class='ocrx_word' id='word_1_298' title='bbox 297 2128 365 2176; x_wconf 89' lang='lat' dir='ltr'>set</span> <span class='ocrx_word' id='word_1_299' title='bbox 380 2165 394 2188; x_wconf 77' lang='grc'>,</span> <span class='ocrx_word' id='word_1_300' title='bbox 419 2128 465 2173; x_wconf 89' lang='lat'>&amp;</span> <span class='ocrx_word' id='word_1_301' title='bbox 484 2145 542 2174; x_wconf 84' lang='lat' dir='ltr'>ex</span> <span class='ocrx_word' id='word_1_302' title='bbox 558 2125 643 2173; x_wconf 87' lang='lat' dir='ltr'>illis</span> <span class='ocrx_word' id='word_1_303' title='bbox 658 2123 1010 2189; x_wconf 85' lang='lat' dir='ltr'>pulcherrimam</span> <span class='ocrx_word' id='word_1_304' title='bbox 1031 2122 1128 2185; x_wconf 88' lang='lat' dir='ltr'>ejus</span> <span class='ocrx_word' id='word_1_305' title='bbox 1149 2124 1375 2188; x_wconf 85' lang='lat' dir='ltr'>scriptoris</span> <span class='ocrx_word' id='word_1_306' title='bbox 1396 2124 1653 2173; x_wconf 86' lang='lat' dir='ltr'>editionem</span> <span class='ocrx_word' id='word_1_307' title='bbox 1679 2125 1940 2174; x_wconf 89' lang='lat' dir='ltr'>adornasset</span> <span class='ocrx_word' id='word_1_308' title='bbox 1955 2162 1969 2187; x_wconf 86' lang='lat'><strong>,</strong></span> <span class='ocrx_word' id='word_1_309' title='bbox 1995 2139 2149 2176; x_wconf 86' lang='lat' dir='ltr'>tamen</span> <span class='ocrx_word' id='word_1_310' title='bbox 2170 2132 2281 2196; x_wconf 86' lang='lat' dir='ltr'>quia</span> 
     </span>
     <span class='ocr_line' id='line_1_29' title="bbox 298 2191 2282 2263; baseline 0.001 -19"><span class='ocrx_word' id='word_1_311' title='bbox 298 2198 476 2244; x_wconf 87' lang='lat' dir='ltr'>minuta</span> <span class='ocrx_word' id='word_1_312' title='bbox 489 2193 640 2241; x_wconf 90' lang='lat' dir='ltr'>nescio</span> <span class='ocrx_word' id='word_1_313' title='bbox 654 2210 754 2257; x_wconf 85' lang='lat' dir='ltr'>quae</span> <span class='ocrx_word' id='word_1_314' title='bbox 776 2191 1028 2259; x_wconf 81' lang='lat' dir='ltr'>fragmenta</span> <span class='ocrx_word' id='word_1_315' title='bbox 1051 2192 1237 2258; x_wconf 91' lang='lat' dir='ltr'>quidam</span> <span class='ocrx_word' id='word_1_316' title='bbox 1256 2192 1489 2241; x_wconf 86' lang='lat' dir='ltr'>Alastores</span> <span class='ocrx_word' id='word_1_317' title='bbox 1508 2194 1608 2258; x_wconf 87' lang='lat' dir='ltr'>post</span> <span class='ocrx_word' id='word_1_318' title='bbox 1635 2212 1741 2242; x_wconf 91' lang='lat' dir='ltr'>eum</span> <span class='ocrx_word' id='word_1_319' title='bbox 1765 2208 2046 2259; x_wconf 88' lang='lat' dir='ltr'>repererunt</span> <span class='ocrx_word' id='word_1_320' title='bbox 2066 2234 2080 2257; x_wconf 81' lang='lat'>,</span> <span class='ocrx_word' id='word_1_321' title='bbox 2103 2214 2204 2263; x_wconf 86' lang='lat' dir='ltr'>quae</span> <span class='ocrx_word' id='word_1_322' title='bbox 2224 2198 2282 2246; x_wconf 82' lang='lat' dir='ltr'>il-</span> 
     </span>
     <span class='ocr_line' id='line_1_30' title="bbox 299 2259 2280 2330; baseline 0.003 -19"><span class='ocrx_word' id='word_1_323' title='bbox 299 2263 387 2311; x_wconf 92' lang='lat' dir='ltr'>lius</span> <span class='ocrx_word' id='word_1_324' title='bbox 401 2262 688 2329; x_wconf 88' lang='lat' dir='ltr'>diligentiam</span> <span class='ocrx_word' id='word_1_325' title='bbox 700 2259 971 2328; x_wconf 84' lang='lat' dir='ltr'>effugerant,</span> <span class='ocrx_word' id='word_1_326' title='bbox 987 2261 1139 2309; x_wconf 90' lang='lat' dir='ltr'>oleum</span> <span class='ocrx_word' id='word_1_327' title='bbox 1156 2264 1200 2310; x_wconf 88' lang='lat'>&amp;</span> <span class='ocrx_word' id='word_1_328' title='bbox 1215 2279 1408 2327; x_wconf 88' lang='lat' dir='ltr'>operam</span> <span class='ocrx_word' id='word_1_329' title='bbox 1424 2260 1670 2327; x_wconf 82' lang='lat' dir='ltr'>perdidiffe</span> <span class='ocrx_word' id='word_1_330' title='bbox 1685 2263 1880 2311; x_wconf 87' lang='lat' dir='ltr'>videtur.</span> <span class='ocrx_word' id='word_1_331' title='bbox 1923 2264 2014 2311; x_wconf 89' lang='lat' dir='ltr'>Sed</span> <span class='ocrx_word' id='word_1_332' title='bbox 2033 2282 2192 2330; x_wconf 89' lang='lat' dir='ltr'>parum</span> <span class='ocrx_word' id='word_1_333' title='bbox 2215 2267 2280 2316; x_wconf 88' lang='lat' dir='ltr'>est</span> 
     </span>
     <span class='ocr_line' id='line_1_31' title="bbox 299 2329 2279 2400; baseline 0.003 -20"><span class='ocrx_word' id='word_1_334' title='bbox 299 2332 390 2380; x_wconf 91' lang='lat' dir='ltr'>hoc</span> <span class='ocrx_word' id='word_1_335' title='bbox 405 2330 578 2391; x_wconf 70' lang='lat' dir='ltr'>videri&#39;,</span> <span class='ocrx_word' id='word_1_336' title='bbox 597 2329 678 2378; x_wconf 83' lang='lat' dir='ltr'>nisi</span> <span class='ocrx_word' id='word_1_337' title='bbox 693 2333 829 2378; x_wconf 88' lang='lat' dir='ltr'>etiam</span> <span class='ocrx_word' id='word_1_338' title='bbox 842 2349 899 2378; x_wconf 90' lang='lat' dir='ltr'>eo</span> <span class='ocrx_word' id='word_1_339' title='bbox 912 2332 1096 2379; x_wconf 90' lang='lat' dir='ltr'>nomine</span> <span class='ocrx_word' id='word_1_340' title='bbox 1112 2330 1362 2379; x_wconf 88' lang='lat' dir='ltr'>ludibrium</span> <span class='ocrx_word' id='word_1_341' title='bbox 1377 2331 1465 2378; x_wconf 89' lang='lat' dir='ltr'>illis</span> <span class='ocrx_word' id='word_1_342' title='bbox 1481 2331 1731 2393; x_wconf 76' lang='lat' dir='ltr'>debuisset,</span> <span class='ocrx_word' id='word_1_343' title='bbox 1754 2334 1801 2381; x_wconf 87' lang='lat'>&amp;</span> <span class='ocrx_word' id='word_1_344' title='bbox 1823 2333 1949 2382; x_wconf 88' lang='lat' dir='ltr'>omni</span> <span class='ocrx_word' id='word_1_345' title='bbox 1966 2350 2141 2400; x_wconf 89' lang='lat' dir='ltr'>genere</span> <span class='ocrx_word' id='word_1_346' title='bbox 2162 2355 2279 2384; x_wconf 91' lang='lat' dir='ltr'>con-</span> 
     </span>
     <span class='ocr_line' id='line_1_32' title="bbox 299 2398 2280 2465; baseline 0.003 -17"><span class='ocrx_word' id='word_1_347' title='bbox 299 2398 588 2448; x_wconf 89' lang='lat' dir='ltr'>tumeliarum</span> <span class='ocrx_word' id='word_1_348' title='bbox 611 2412 832 2465; x_wconf 83' lang='lat' dir='ltr'>exceptus</span> <span class='ocrx_word' id='word_1_349' title='bbox 852 2399 1017 2448; x_wconf 83' lang='lat' dir='ltr'>fuiffet.</span> <span class='ocrx_word' id='word_1_350' title='bbox 1064 2403 1225 2464; x_wconf 90' lang='lat' dir='ltr'>Itaque</span> <span class='ocrx_word' id='word_1_351' title='bbox 1252 2399 1281 2447; x_wconf 87' lang='lat' dir='ltr'>si</span> <span class='ocrx_word' id='word_1_352' title='bbox 1308 2399 1638 2465; x_wconf 86' lang='lat' dir='ltr'>posterioribus</span> <span class='ocrx_word' id='word_1_353' title='bbox 1661 2401 1915 2449; x_wconf 88' lang='lat' dir='ltr'>editoribus</span> <span class='ocrx_word' id='word_1_354' title='bbox 1936 2401 2186 2464; x_wconf 83' lang='lat' dir='ltr'>credimus,</span> <span class='ocrx_word' id='word_1_355' title='bbox 2207 2405 2280 2453; x_wconf 83' lang='lat' dir='ltr'>illi</span> 
     </span>
     <span class='ocr_line' id='line_1_33' title="bbox 298 2467 2279 2538; baseline 0.004 -22"><span class='ocrx_word' id='word_1_356' title='bbox 298 2471 436 2534; x_wconf 90' lang='lat' dir='ltr'>primi</span> <span class='ocrx_word' id='word_1_357' title='bbox 449 2470 652 2516; x_wconf 90' lang='lat' dir='ltr'>omnium</span> <span class='ocrx_word' id='word_1_358' title='bbox 664 2471 820 2516; x_wconf 85' lang='lat' dir='ltr'>Irenaei</span> <span class='ocrx_word' id='word_1_359' title='bbox 832 2467 1086 2534; x_wconf 87' lang='lat' dir='ltr'>fragmenta</span> <span class='ocrx_word' id='word_1_360' title='bbox 1098 2469 1287 2518; x_wconf 75' lang='lat' dir='ltr'>edidisse</span> <span class='ocrx_word' id='word_1_361' title='bbox 1301 2471 1447 2518; x_wconf 90' lang='lat' dir='ltr'>videri</span> <span class='ocrx_word' id='word_1_362' title='bbox 1467 2483 1679 2537; x_wconf 88' lang='lat' dir='ltr'>poterant</span> <span class='ocrx_word' id='word_1_363' title='bbox 1690 2509 1704 2531; x_wconf 80' lang='grc'>,</span> <span class='ocrx_word' id='word_1_364' title='bbox 1732 2470 1953 2538; x_wconf 33' lang='grc' dir='ltr'>ηὶίὶιὶΠὶυε</span> <span class='ocrx_word' id='word_1_365' title='bbox 1971 2470 2085 2519; x_wconf 91' lang='lat' dir='ltr'>boni</span> <span class='ocrx_word' id='word_1_366' title='bbox 2098 2473 2145 2522; x_wconf 88' lang='lat'>&amp;</span> <span class='ocrx_word' id='word_1_367' title='bbox 2156 2473 2279 2522; x_wconf 73' lang='lat' dir='ltr'>doffi</span> 
     </span>
     <span class='ocr_line' id='line_1_34' title="bbox 298 2534 2276 2606; baseline 0.004 -22"><span class='ocrx_word' id='word_1_368' title='bbox 298 2539 379 2585; x_wconf 88' lang='lat' dir='ltr'>viri</span> <span class='ocrx_word' id='word_1_369' title='bbox 392 2534 579 2586; x_wconf 89' lang='lat' dir='ltr'>subinde</span> <span class='ocrx_word' id='word_1_370' title='bbox 598 2539 876 2585; x_wconf 88' lang='lat' dir='ltr'>mentionem</span> <span class='ocrx_word' id='word_1_371' title='bbox 889 2538 1098 2586; x_wconf 83' lang='lat' dir='ltr'>facerent</span> <span class='ocrx_word' id='word_1_372' title='bbox 1113 2576 1126 2599; x_wconf 82' lang='lat'>,</span> <span class='ocrx_word' id='word_1_373' title='bbox 1148 2539 1338 2604; x_wconf 86' lang='lat' dir='ltr'>quando</span> <span class='ocrx_word' id='word_1_374' title='bbox 1360 2539 1491 2588; x_wconf 91' lang='lat' dir='ltr'>illum</span> <span class='ocrx_word' id='word_1_375' title='bbox 1517 2539 1732 2604; x_wconf 87' lang='lat' dir='ltr'>injuriose</span> <span class='ocrx_word' id='word_1_376' title='bbox 1754 2542 1964 2606; x_wconf 89' lang='lat' dir='ltr'>accipere</span> <span class='ocrx_word' id='word_1_377' title='bbox 1988 2540 2182 2604; x_wconf 80' lang='lat' dir='ltr'>volunt,</span> <span class='ocrx_word' id='word_1_378' title='bbox 2205 2557 2276 2606; x_wconf 83' lang='lat' dir='ltr'>ut,</span> 
     </span>
     <span class='ocr_line' id='line_1_35' title="bbox 299 2605 2278 2672; baseline 0.003 -19"><span class='ocrx_word' id='word_1_379' title='bbox 299 2608 377 2671; x_wconf 91' lang='lat' dir='ltr'>qui</span> <span class='ocrx_word' id='word_1_380' title='bbox 394 2605 637 2654; x_wconf 87' lang='lat' dir='ltr'>nesciverit</span> <span class='ocrx_word' id='word_1_381' title='bbox 650 2624 754 2654; x_wconf 90' lang='lat' dir='ltr'>eum</span> <span class='ocrx_word' id='word_1_382' title='bbox 769 2606 856 2654; x_wconf 79' lang='lat' dir='ltr'>effe</span> <span class='ocrx_word' id='word_1_383' title='bbox 868 2608 1068 2672; x_wconf 88' lang='lat' dir='ltr'>primum</span> <span class='ocrx_word' id='word_1_384' title='bbox 1085 2608 1311 2655; x_wconf 83' lang='lat' dir='ltr'>editorem</span> <span class='ocrx_word' id='word_1_385' title='bbox 1325 2644 1339 2665; x_wconf 84' lang='lat'><strong><em>,</em></strong></span> <span class='ocrx_word' id='word_1_386' title='bbox 1363 2627 1421 2656; x_wconf 87' lang='lat' dir='ltr'>ex</span> <span class='ocrx_word' id='word_1_387' title='bbox 1437 2609 1524 2656; x_wconf 89' lang='lat' dir='ltr'>illis</span> <span class='ocrx_word' id='word_1_388' title='bbox 1536 2610 1756 2660; x_wconf 85' lang='lat' dir='ltr'>saevidicis</span> <span class='ocrx_word' id='word_1_389' title='bbox 1767 2608 2062 2657; x_wconf 89' lang='lat' dir='ltr'>contumeliis</span> <span class='ocrx_word' id='word_1_390' title='bbox 2076 2610 2122 2657; x_wconf 93' lang='lat' dir='ltr'>id</span> <span class='ocrx_word' id='word_1_391' title='bbox 2134 2611 2278 2659; x_wconf 86' lang='lat' dir='ltr'>disce-</span> 
     </span>
     <span class='ocr_line' id='line_1_36' title="bbox 297 2673 2276 2741; baseline 0.003 -20"><span class='ocrx_word' id='word_1_392' title='bbox 297 2692 346 2722; x_wconf 93' lang='lat' dir='ltr'>re</span> <span class='ocrx_word' id='word_1_393' title='bbox 367 2675 517 2740; x_wconf 81' lang='lat' dir='ltr'>poffit.</span> <span class='ocrx_word' id='word_1_394' title='bbox 559 2678 720 2739; x_wconf 89' lang='lat' dir='ltr'>Itaque</span> <span class='ocrx_word' id='word_1_395' title='bbox 743 2692 881 2740; x_wconf 90' lang='lat' dir='ltr'>quum</span> <span class='ocrx_word' id='word_1_396' title='bbox 893 2674 1230 2741; x_wconf 88' lang='lat' dir='ltr'>desperandum</span> <span class='ocrx_word' id='word_1_397' title='bbox 1250 2694 1342 2724; x_wconf 90' lang='lat' dir='ltr'>non</span> <span class='ocrx_word' id='word_1_398' title='bbox 1361 2676 1441 2734; x_wconf 85' lang='lat' dir='ltr'>fit,</span> <span class='ocrx_word' id='word_1_399' title='bbox 1465 2673 1589 2741; x_wconf 76' lang='lat' dir='ltr'>poss&#39;e</span> <span class='ocrx_word' id='word_1_400' title='bbox 1611 2675 1762 2723; x_wconf 87' lang='lat' dir='ltr'>adhuc</span> <span class='ocrx_word' id='word_1_401' title='bbox 1787 2676 1967 2741; x_wconf 89' lang='lat' dir='ltr'>aliquot</span> <span class='ocrx_word' id='word_1_402' title='bbox 1987 2678 2164 2726; x_wconf 89' lang='lat' dir='ltr'>minuta</span> <span class='ocrx_word' id='word_1_403' title='bbox 2187 2678 2276 2728; x_wconf 90' lang='lat' dir='ltr'>fra-</span> 
     </span>
     <span class='ocr_line' id='line_1_37' title="bbox 297 2740 2277 2810; baseline 0.004 -21"><span class='ocrx_word' id='word_1_404' title='bbox 297 2757 479 2808; x_wconf 86' lang='lat' dir='ltr'>gmenta</span> <span class='ocrx_word' id='word_1_405' title='bbox 495 2742 746 2791; x_wconf 89' lang='lat' dir='ltr'>Eusebiana</span> <span class='ocrx_word' id='word_1_406' title='bbox 759 2747 874 2805; x_wconf 81' lang='lat' dir='ltr'>erui,</span> <span class='ocrx_word' id='word_1_407' title='bbox 888 2745 967 2808; x_wconf 89' lang='lat' dir='ltr'>qui</span> <span class='ocrx_word' id='word_1_408' title='bbox 983 2762 1141 2803; x_wconf 87' lang='lat' dir='ltr'>unum,</span> <span class='ocrx_word' id='word_1_409' title='bbox 1159 2758 1238 2791; x_wconf 86' lang='lat' dir='ltr'>aut</span> <span class='ocrx_word' id='word_1_410' title='bbox 1252 2743 1449 2792; x_wconf 87' lang='lat' dir='ltr'>alterurn</span> <span class='ocrx_word' id='word_1_411' title='bbox 1462 2745 1701 2810; x_wconf 78' lang='lat' dir='ltr'>repererit,</span> <span class='ocrx_word' id='word_1_412' title='bbox 1716 2745 1750 2790; x_wconf 86' lang='lat' dir='ltr'>is</span> <span class='ocrx_word' id='word_1_413' title='bbox 1764 2760 1861 2791; x_wconf 93' lang='lat' dir='ltr'>non</span> <span class='ocrx_word' id='word_1_414' title='bbox 1875 2743 2021 2794; x_wconf 91' lang='lat' dir='ltr'>solum</span> <span class='ocrx_word' id='word_1_415' title='bbox 2035 2740 2166 2797; x_wconf 71' lang='lat' dir='ltr'>novae</span> <span class='ocrx_word' id='word_1_416' title='bbox 2177 2748 2277 2796; x_wconf 91' lang='lat' dir='ltr'>edi-</span> 
     </span>
     <span class='ocr_line' id='line_1_38' title="bbox 296 2812 2276 2879; baseline 0.003 -21"><span class='ocrx_word' id='word_1_417' title='bbox 296 2813 450 2872; x_wconf 76' lang='lat' dir='ltr'>tioni3‚</span> <span class='ocrx_word' id='word_1_418' title='bbox 464 2814 539 2860; x_wconf 86' lang='lat' dir='ltr'>sed</span> <span class='ocrx_word' id='word_1_419' title='bbox 555 2813 690 2859; x_wconf 84' lang='lat' dir='ltr'>etiam</span> <span class='ocrx_word' id='word_1_420' title='bbox 705 2812 1030 2860; x_wconf 88' lang='lat' dir='ltr'>calumniarum</span> <span class='ocrx_word' id='word_1_421' title='bbox 1042 2812 1336 2859; x_wconf 79' lang='lat' dir='ltr'>occasionem</span> <span class='ocrx_word' id='word_1_422' title='bbox 1354 2815 1506 2860; x_wconf 64' lang='lat' dir='ltr'>naritus</span> <span class='ocrx_word' id='word_1_423' title='bbox 1516 2812 1669 2860; x_wconf 88' lang='lat' dir='ltr'>fuerit.</span> <span class='ocrx_word' id='word_1_424' title='bbox 1698 2814 1820 2860; x_wconf 90' lang='lat' dir='ltr'>Nam</span> <span class='ocrx_word' id='word_1_425' title='bbox 1835 2812 1943 2860; x_wconf 91' lang='lat' dir='ltr'>huic</span> <span class='ocrx_word' id='word_1_426' title='bbox 1960 2817 2117 2879; x_wconf 86' lang='lat' dir='ltr'>generi</span> <span class='ocrx_word' id='word_1_427' title='bbox 2129 2817 2276 2864; x_wconf 87' lang='lat' dir='ltr'>homi-</span> 
     </span>
     <span class='ocr_line' id='line_1_39' title="bbox 297 2878 2274 2948; baseline 0.004 -22"><span class='ocrx_word' id='word_1_428' title='bbox 297 2897 425 2939; x_wconf 86' lang='lat' dir='ltr'>num,</span> <span class='ocrx_word' id='word_1_429' title='bbox 441 2883 626 2945; x_wconf 90' lang='lat' dir='ltr'>quoties</span> <span class='ocrx_word' id='word_1_430' title='bbox 642 2883 838 2928; x_wconf 87' lang='lat' dir='ltr'>animum</span> <span class='ocrx_word' id='word_1_431' title='bbox 852 2879 1140 2927; x_wconf 71' lang='lat' dir='ltr'>obtre&amp;andi</span> <span class='ocrx_word' id='word_1_432' title='bbox 1153 2880 1206 2927; x_wconf 85' lang='lat' dir='ltr'>ad</span> <span class='ocrx_word' id='word_1_433' title='bbox 1219 2878 1463 2929; x_wconf 72' lang='lat' dir='ltr'>le&amp;ionem</span> <span class='ocrx_word' id='word_1_434' title='bbox 1474 2880 1614 2929; x_wconf 87' lang='lat' dir='ltr'>alieni</span> <span class='ocrx_word' id='word_1_435' title='bbox 1628 2883 1781 2945; x_wconf 87' lang='lat' dir='ltr'>operis</span> <span class='ocrx_word' id='word_1_436' title='bbox 1799 2880 2031 2942; x_wconf 79' lang='lat' dir='ltr'>adferunt,</span> <span class='ocrx_word' id='word_1_437' title='bbox 2043 2899 2274 2948; x_wconf 87' lang='lat' dir='ltr'>nunquam</span> 
     </span>
     <span class='ocr_line' id='line_1_40' title="bbox 297 2943 2274 3015; baseline 0.003 -21"><span class='ocrx_word' id='word_1_438' title='bbox 297 2946 438 3008; x_wconf 79' lang='lat' dir='ltr'>deest,</span> <span class='ocrx_word' id='word_1_439' title='bbox 453 2950 577 3012; x_wconf 90' lang='lat' dir='ltr'>quod</span> <span class='ocrx_word' id='word_1_440' title='bbox 594 2949 950 3015; x_wconf 86' lang='lat' dir='ltr'>reprehendant.</span> <span class='ocrx_word' id='word_1_441' title='bbox 970 2950 1165 2998; x_wconf 85' lang='lat' dir='ltr'>Minima</span> <span class='ocrx_word' id='word_1_442' title='bbox 1183 2966 1232 2996; x_wconf 88' lang='lat' dir='ltr'>re</span> <span class='ocrx_word' id='word_1_443' title='bbox 1245 2943 1455 2998; x_wconf 85' lang='lat' dir='ltr'>contenti</span> <span class='ocrx_word' id='word_1_444' title='bbox 1469 2950 1568 2999; x_wconf 89' lang='lat' dir='ltr'>sunt</span> <span class='ocrx_word' id='word_1_445' title='bbox 1584 2949 1640 2997; x_wconf 89' lang='lat' dir='ltr'>ad</span> <span class='ocrx_word' id='word_1_446' title='bbox 1654 2948 2039 2998; x_wconf 89' lang='lat' dir='ltr'>calumniandum.</span> <span class='ocrx_word' id='word_1_447' title='bbox 2079 2953 2189 2999; x_wconf 91' lang='lat' dir='ltr'>Non</span> <span class='ocrx_word' id='word_1_448' title='bbox 2202 2970 2274 3000; x_wconf 89' lang='lat' dir='ltr'>me</span> 
     </span>
     <span class='ocr_line' id='line_1_41' title="bbox 298 3014 2270 3084; baseline 0.004 -23"><span class='ocrx_word' id='word_1_449' title='bbox 298 3014 417 3063; x_wconf 87' lang='lat' dir='ltr'>fallit</span> <span class='ocrx_word' id='word_1_450' title='bbox 440 3020 621 3065; x_wconf 84' lang='lat' dir='ltr'>animus.</span> <span class='ocrx_word' id='word_1_451' title='bbox 666 3021 775 3065; x_wconf 86' lang='lat' dir='ltr'>Haec</span> <span class='ocrx_word' id='word_1_452' title='bbox 802 3016 1007 3083; x_wconf 81' lang='lat' dir='ltr'>effugere</span> <span class='ocrx_word' id='word_1_453' title='bbox 1031 3035 1123 3064; x_wconf 90' lang='lat' dir='ltr'>non</span> <span class='ocrx_word' id='word_1_454' title='bbox 1144 3031 1327 3082; x_wconf 77' lang='lat' dir='ltr'>potero,</span> <span class='ocrx_word' id='word_1_455' title='bbox 1374 3019 1477 3084; x_wconf 90' lang='lat' dir='ltr'>Jam</span> <span class='ocrx_word' id='word_1_456' title='bbox 1502 3018 1725 3067; x_wconf 87' lang='lat' dir='ltr'>clafficum</span> <span class='ocrx_word' id='word_1_457' title='bbox 1745 3022 1917 3067; x_wconf 90' lang='lat' dir='ltr'>cecinit</span> <span class='ocrx_word' id='word_1_458' title='bbox 1940 3020 2270 3084; x_wconf 87' lang='lat' dir='ltr'>Sycophantia.</span> 
     </span>
     <span class='ocr_line' id='line_1_42' title="bbox 298 3082 2282 3152; baseline 0.003 -21"><span class='ocrx_word' id='word_1_459' title='bbox 298 3082 396 3147; x_wconf 88' lang='lat' dir='ltr'>Jam</span> <span class='ocrx_word' id='word_1_460' title='bbox 409 3084 542 3132; x_wconf 82' lang='lat' dir='ltr'>sonus</span> <span class='ocrx_word' id='word_1_461' title='bbox 556 3084 650 3149; x_wconf 84' lang='lat' dir='ltr'>ipse</span> <span class='ocrx_word' id='word_1_462' title='bbox 667 3104 796 3135; x_wconf 87' lang='lat' dir='ltr'>aures</span> <span class='ocrx_word' id='word_1_463' title='bbox 809 3088 1025 3152; x_wconf 87' lang='lat' dir='ltr'>percutit.</span> <span class='ocrx_word' id='word_1_464' title='bbox 1064 3085 1201 3133; x_wconf 91' lang='lat' dir='ltr'>Ilicet</span> <span class='ocrx_word' id='word_1_465' title='bbox 1215 3085 1360 3133; x_wconf 59' lang='lat' dir='ltr'>astum</span> <span class='ocrx_word' id='word_1_466' title='bbox 1379 3087 1437 3134; x_wconf 87' lang='lat' dir='ltr'>de</span> <span class='ocrx_word' id='word_1_467' title='bbox 1454 3088 1600 3137; x_wconf 86' lang='lat' dir='ltr'>nobis.</span> <span class='ocrx_word' id='word_1_468' title='bbox 1640 3090 1719 3137; x_wconf 87' lang='lat' dir='ltr'>De</span> <span class='ocrx_word' id='word_1_469' title='bbox 1741 3088 1874 3136; x_wconf 83' lang='lat' dir='ltr'>messe</span> <span class='ocrx_word' id='word_1_470' title='bbox 1897 3085 2053 3135; x_wconf 88' lang='lat' dir='ltr'>nostra</span> <span class='ocrx_word' id='word_1_471' title='bbox 2069 3088 2180 3136; x_wconf 88' lang='lat' dir='ltr'>ideo</span> <span class='ocrx_word' id='word_1_472' title='bbox 2202 3090 2282 3147; x_wconf 15' lang='lat' dir='ltr'>ni-V</span> 
     </span>
     <span class='ocr_line' id='line_1_43' title="bbox 300 3152 2272 3221; baseline 0.003 -23"><span class='ocrx_word' id='word_1_473' title='bbox 300 3152 363 3198; x_wconf 91' lang='lat' dir='ltr'>hil</span> <span class='ocrx_word' id='word_1_474' title='bbox 376 3155 703 3218; x_wconf 78' lang='lat' dir='ltr'>percipiemus,</span> <span class='ocrx_word' id='word_1_475' title='bbox 718 3155 843 3219; x_wconf 91' lang='lat' dir='ltr'>quod</span> <span class='ocrx_word' id='word_1_476' title='bbox 858 3154 958 3220; x_wconf 89' lang='lat' dir='ltr'>post</span> <span class='ocrx_word' id='word_1_477' title='bbox 969 3154 1085 3202; x_wconf 89' lang='lat' dir='ltr'>illam</span> <span class='ocrx_word' id='word_1_478' title='bbox 1100 3154 1288 3220; x_wconf 89' lang='lat' dir='ltr'>aliquod</span> <span class='ocrx_word' id='word_1_479' title='bbox 1311 3154 1484 3220; x_wconf 83' lang='lat' dir='ltr'>spicum</span> <span class='ocrx_word' id='word_1_480' title='bbox 1496 3155 1717 3204; x_wconf 89' lang='lat' dir='ltr'>famelicis</span> <span class='ocrx_word' id='word_1_481' title='bbox 1730 3156 2064 3221; x_wconf 79' lang='lat' dir='ltr'>reliquerimus,</span> <span class='ocrx_word' id='word_1_482' title='bbox 2088 3174 2182 3203; x_wconf 90' lang='lat' dir='ltr'>non</span> <span class='ocrx_word' id='word_1_483' title='bbox 2193 3174 2272 3203; x_wconf 90' lang='lat' dir='ltr'>co-</span> 
     </span>
     <span class='ocr_line' id='line_1_44' title="bbox 300 3221 2272 3288; baseline 0.003 -22"><span class='ocrx_word' id='word_1_484' title='bbox 300 3221 506 3285; x_wconf 88' lang='lat' dir='ltr'>gitabunt</span> <span class='ocrx_word' id='word_1_485' title='bbox 520 3223 647 3270; x_wconf 87' lang='lat' dir='ltr'>unius</span> <span class='ocrx_word' id='word_1_486' title='bbox 660 3240 750 3270; x_wconf 84' lang='lat' dir='ltr'>non</span> <span class='ocrx_word' id='word_1_487' title='bbox 766 3223 853 3270; x_wconf 81' lang='lat' dir='ltr'>effe</span> <span class='ocrx_word' id='word_1_488' title='bbox 867 3226 1017 3273; x_wconf 88' lang='lat' dir='ltr'>omnia</span> <span class='ocrx_word' id='word_1_489' title='bbox 1029 3223 1280 3273; x_wconf 87' lang='lat' dir='ltr'>absolvere.</span> <span class='ocrx_word' id='word_1_490' title='bbox 1322 3226 1430 3272; x_wconf 90' lang='lat' dir='ltr'>Non</span> <span class='ocrx_word' id='word_1_491' title='bbox 1451 3225 1570 3273; x_wconf 87' lang='lat' dir='ltr'>illius</span> <span class='ocrx_word' id='word_1_492' title='bbox 1599 3225 1836 3274; x_wconf 89' lang='lat' dir='ltr'>seutentiae</span> <span class='ocrx_word' id='word_1_493' title='bbox 1860 3223 2161 3288; x_wconf 87' lang='lat' dir='ltr'>Xenophanis</span> <span class='ocrx_word' id='word_1_494' title='bbox 2184 3223 2272 3272; x_wconf 89' lang='lat' dir='ltr'>illis</span> 
     </span>
     <span class='ocr_line' id='line_1_45' title="bbox 302 3303 760 3338; baseline 0.007 -5"><span class='ocrx_word' id='word_1_495' title='bbox 302 3303 562 3338; x_wconf 77' lang='lat' dir='ltr'>minentem</span> <span class='ocrx_word' id='word_1_496' title='bbox 579 3306 760 3338; x_wconf 86' lang='lat' dir='ltr'>vemet:</span> 
     </span>
    </p>
   </div>
   <div class='ocr_carea' id='block_1_4' title="bbox 300 3358 2270 3651">
    <p class='ocr_par' dir='ltr' id='par_1_5' title="bbox 615 3358 1733 3436">
     <span class='ocr_line' id='line_1_46' title="bbox 615 3358 1733 3436; baseline 0.004 -24"><span class='ocrx_word' id='word_1_497' title='bbox 615 3358 746 3414; x_wconf 67' lang='grc' dir='ltr'>Οὔτοι</span> <span class='ocrx_word' id='word_1_498' title='bbox 765 3360 843 3412; x_wconf 60' lang='grc' dir='ltr'>ἀπ’</span> <span class='ocrx_word' id='word_1_499' title='bbox 858 3364 998 3436; x_wconf 54' lang='lat' dir='ltr'>2359&amp;ss</span> <span class='ocrx_word' id='word_1_500' title='bbox 1024 3359 1162 3421; x_wconf 57' lang='lat' dir='ltr'>miv&amp;</span> <span class='ocrx_word' id='word_1_501' title='bbox 1184 3363 1280 3415; x_wconf 63' lang='grc' dir='ltr'>θεοὶ</span> <span class='ocrx_word' id='word_1_502' title='bbox 1301 3363 1454 3420; x_wconf 46' lang='lat' dir='ltr'>&amp;siffis</span> <span class='ocrx_word' id='word_1_503' title='bbox 1474 3362 1733 3430; x_wconf 53' lang='grc' dir='ltr'>ἀπέδειξαν.</span> 
     </span>
    </p>

    <p class='ocr_par' dir='ltr' id='par_1_6' title="bbox 300 3433 2270 3651">
     <span class='ocr_line' id='line_1_47' title="bbox 616 3433 1680 3508; baseline 0.006 -22"><span class='ocrx_word' id='word_1_504' title='bbox 616 3434 773 3487; x_wconf 73' lang='grc' dir='ltr'>Α’λλοὲ</span> <span class='ocrx_word' id='word_1_505' title='bbox 786 3433 924 3507; x_wconf 52' lang='grc' dir='ltr'>χρόνῳ</span> <span class='ocrx_word' id='word_1_506' title='bbox 947 3438 1135 3507; x_wconf 50' lang='lat' dir='ltr'>{figuras</span> <span class='ocrx_word' id='word_1_507' title='bbox 1156 3439 1470 3508; x_wconf 52' lang='grc' dir='ltr'>ἐφόζιρφὶο-κεςσιν</span> <span class='ocrx_word' id='word_1_508' title='bbox 1491 3439 1680 3508; x_wconf 66' lang='grc' dir='ltr'>ἄμεινον.</span> 
     </span>
     <span class='ocr_line' id='line_1_48' title="bbox 300 3510 2268 3573; baseline 0.004 -19"><span class='ocrx_word' id='word_1_509' title='bbox 300 3511 407 3555; x_wconf 87' lang='lat' dir='ltr'>Hoc</span> <span class='ocrx_word' id='word_1_510' title='bbox 423 3520 572 3556; x_wconf 86' lang='lat' dir='ltr'>tamen</span> <span class='ocrx_word' id='word_1_511' title='bbox 585 3510 695 3557; x_wconf 89' lang='lat' dir='ltr'>nihil</span> <span class='ocrx_word' id='word_1_512' title='bbox 711 3512 982 3573; x_wconf 84' lang='lat' dir='ltr'>nosjuverit.</span> <span class='ocrx_word' id='word_1_513' title='bbox 1024 3518 1140 3562; x_wconf 87' lang='lat' dir='ltr'>Nam</span> <span class='ocrx_word' id='word_1_514' title='bbox 1157 3515 1185 3562; x_wconf 88' lang='lat' dir='ltr'>si</span> <span class='ocrx_word' id='word_1_515' title='bbox 1203 3516 1273 3563; x_wconf 88' lang='lat' dir='ltr'>vel</span> <span class='ocrx_word' id='word_1_516' title='bbox 1289 3519 1472 3565; x_wconf 86' lang='lat' dir='ltr'>minima</span> <span class='ocrx_word' id='word_1_517' title='bbox 1485 3534 1614 3564; x_wconf 84' lang='lat' dir='ltr'>novae</span> <span class='ocrx_word' id='word_1_518' title='bbox 1627 3516 1842 3564; x_wconf 86' lang='lat' dir='ltr'>editionis</span> <span class='ocrx_word' id='word_1_519' title='bbox 1863 3516 1926 3563; x_wconf 89' lang='lat' dir='ltr'>eis</span> <span class='ocrx_word' id='word_1_520' title='bbox 1939 3513 2085 3562; x_wconf 86' lang='lat' dir='ltr'>cauffa</span> <span class='ocrx_word' id='word_1_521' title='bbox 2098 3528 2177 3563; x_wconf 87' lang='lat' dir='ltr'>aut</span> <span class='ocrx_word' id='word_1_522' title='bbox 2189 3532 2268 3563; x_wconf 86' lang='lat' dir='ltr'>oc·</span> 
     </span>
     <span class='ocr_line' id='line_1_49' title="bbox 302 3576 2270 3651; baseline 0.003 -29"><span class='ocrx_word' id='word_1_523' title='bbox 302 3576 417 3623; x_wconf 84' lang='lat' dir='ltr'>casio</span> <span class='ocrx_word' id='word_1_524' title='bbox 433 3578 619 3640; x_wconf 83' lang='lat' dir='ltr'>praebita</span> <span class='ocrx_word' id='word_1_525' title='bbox 631 3578 790 3640; x_wconf 80' lang='lat' dir='ltr'>fuerit,</span> <span class='ocrx_word' id='word_1_526' title='bbox 808 3582 911 3645; x_wconf 86' lang='lat' dir='ltr'>quia</span> <span class='ocrx_word' id='word_1_527' title='bbox 925 3581 1041 3628; x_wconf 89' lang='lat' dir='ltr'>nihil</span> <span class='ocrx_word' id='word_1_528' title='bbox 1060 3583 1222 3632; x_wconf 84' lang='lat' dir='ltr'>afferre</span> <span class='ocrx_word' id='word_1_529' title='bbox 1236 3599 1458 3649; x_wconf 88' lang='lat' dir='ltr'>poterunt</span> <span class='ocrx_word' id='word_1_530' title='bbox 1471 3624 1484 3646; x_wconf 78' lang='lat'>‚</span> <span class='ocrx_word' id='word_1_531' title='bbox 1500 3604 1595 3651; x_wconf 89' lang='lat' dir='ltr'>quo</span> <span class='ocrx_word' id='word_1_532' title='bbox 1608 3586 1778 3632; x_wconf 89' lang='lat' dir='ltr'>animos</span> <span class='ocrx_word' id='word_1_533' title='bbox 1797 3584 2082 3632; x_wconf 89' lang='lat' dir='ltr'>eruditorum</span> <span class='ocrx_word' id='word_1_534' title='bbox 2103 3584 2270 3632; x_wconf 86' lang='lat' dir='ltr'>morari</span> 
     </span>
    </p>
   </div>
   <div class='ocr_carea' id='block_1_5' title="bbox 303 3645 2269 3768">
    <p class='ocr_par' dir='ltr' id='par_1_7' title="bbox 303 3645 2269 3768">
     <span class='ocr_line' id='line_1_50' title="bbox 303 3645 2269 3719; baseline 0.006 -30"><span class='ocrx_word' id='word_1_535' title='bbox 303 3645 487 3705; x_wconf 71' lang='lat' dir='ltr'>possint,</span> <span class='ocrx_word' id='word_1_536' title='bbox 516 3663 609 3693; x_wconf 87' lang='lat' dir='ltr'>non</span> <span class='ocrx_word' id='word_1_537' title='bbox 632 3647 745 3694; x_wconf 87' lang='lat' dir='ltr'>male</span> <span class='ocrx_word' id='word_1_538' title='bbox 769 3666 960 3713; x_wconf 85' lang='lat' dir='ltr'>operam</span> <span class='ocrx_word' id='word_1_539' title='bbox 987 3649 1030 3696; x_wconf 92' lang='lat' dir='ltr'>se</span> <span class='ocrx_word' id='word_1_540' title='bbox 1047 3650 1294 3701; x_wconf 75' lang='lat' dir='ltr'>collocasse</span> <span class='ocrx_word' id='word_1_541' title='bbox 1314 3654 1570 3719; x_wconf 78' lang='lat' dir='ltr'>putabunt,</span> <span class='ocrx_word' id='word_1_542' title='bbox 1593 3652 1624 3699; x_wconf 89' lang='lat' dir='ltr'>si</span> <span class='ocrx_word' id='word_1_543' title='bbox 1644 3652 1935 3702; x_wconf 82' lang='lat' dir='ltr'>contumeliis</span> <span class='ocrx_word' id='word_1_544' title='bbox 1958 3653 2005 3700; x_wconf 90' lang='lat' dir='ltr'>in</span> <span class='ocrx_word' id='word_1_545' title='bbox 2027 3670 2112 3701; x_wconf 88' lang='lat' dir='ltr'>nos</span> <span class='ocrx_word' id='word_1_546' title='bbox 2131 3667 2269 3716; x_wconf 85' lang='lat' dir='ltr'>pero-</span> 
     </span>
     <span class='ocr_line' id='line_1_51' title="bbox 2126 3720 2268 3768; baseline -0.014 -1"><span class='ocrx_word' id='word_1_547' title='bbox 2126 3720 2268 3768; x_wconf 86' lang='lat' dir='ltr'>raudo</span> 
     </span>
    </p>
   </div>
  </div>
 </body>
</html>
