2366 4040
315 240 410 278 20'

319 503 457 656 C

321 774 368 803 ,Ξ
410 793 412 795 ,
451 771 552 792 ’ῑΞ-ΞΞ
587 755 628 794 O
642 769 673 793 M
688 756 752 792 A'N
765 767 790 792 ο
802 767 825 792 R
840 767 870 792 U
884 767 916 791 M
935 763 1074 791 xxxlx.
1086 743 1223 790 Theo-

489 788 549 850 '5
588 808 718 849 dosms
729 823 798 862 per
817 809 1045 848 Gratianum
1067 807 1108 846 in
1129 820 1224 846 con-

512 854 552 866 ΞΕ

520 887 557 904 Ξ
588 859 1226 917 sortiumregniadlhmptus‚cum

427 939 463 977 2:
527 920 548 957 Ξ
586 919 693 974 ipso,
715 924 752 960 ὅ(
766 918 1051 961 Valentiniano
1067 919 1226 972 juniore

587 988 723 1029 regnat
733 976 843 1016 annis
853 988 959 1015 xv11.

320 1049 338 1072 1
372 1031 630 1073 Theodosius
652 1032 810 1071 natione
824 1029 1042 1083 Hispanus,
1059 1029 1109 1069 de
1129 1043 1221 1082 pro-

316 1089 446 1129 vincia
456 1088 653 1131 Gallaecia,
667 1086 825 1126 civitate
838 1088 986 1130 Cauca,
997 1085 1017 1125 a
1028 1084 1220 1125 Gratiano

317 1143 520 1196 Augustus
531 1141 761 1197 appellatur.

374 1199 479 1238 Inter
490 1199 716 1246 Romanos,
739 1200 776 1236 ὅ(
789 1195 948 1237 Gothos
960 1195 1082 1236 multa
1092 1207 1219 1237 certa-

319 1254 707 1294 minaconseruntur.

322 1326 341 1349 2
373 1308 629 1350 Theodosius
640 1307 1033 1360 Constantinopolim
1046 1306 1218 1360 ingredi-

319 1375 382 1405 tur
393 1365 431 1404 in
445 1366 573 1417 primo
587 1362 791 1406 consulatu
802 1362 1008 1417 su0,quem
1020 1376 1112 1412 cum
1123 1362 1219 1402 Gra-

318 1422 429 1460 tiano
442 1419 582 1473 agebat
594 1421 784 1473 Augusto.

355 1475 603 1516 Alexandriae
613 1474 1075 1527 xx1.habeturepiscopus
1090 1472 1223 1512 Theo-

320 1530 452 1585 philus
466 1532 522 1571 vir
535 1531 806 1571 eruditissimus
818 1559 829 1578 ,
840 1530 997 1584 insignis
1009 1558 1020 1576 ‚
1034 1529 1104 1582 qui
1115 1529 1135 1568 ὲ
1146 1529 1223 1582 pri-

320 1600 388 1626 mo
407 1585 611 1627 consulatu
622 1585 1021 1638 TheodosiiAugu-sti
1043 1586 1226 1624 Latercu-

320 1642 403 1681 lum
416 1655 484 1694 per
496 1653 652 1682 centum
665 1655 788 1681 annos
801 1640 996 1695 digestum
1009 1639 1059 1680 de
1070 1638 1226 1680 Paschae

322 1695 597 1737 observatione
612 1697 849 1750 conscripfit.
1085 1696 1088 1700 ’

323 1765 344 1804 3
378 1751 635 1792 Athanaricus
648 1765 714 1792 rex
727 1752 971 1791 Gotthorum
984 1750 1090 1802 apud
1112 1751 1224 1792 Con-

319 1808 616 1859 stantinopolim
640 1807 799 1846 decimo
817 1810 961 1859 quinto
974 1806 1039 1844 die
1049 1819 1097 1845 ex
1111 1819 1194 1859 quo
1205 1805 1226 1844 a

318 1859 555 1901 Theodosio
566 1860 691 1901 fuerat
702 1859 902 1914 susceptus
912 1889 924 1908 ‚
935 1860 1095 1900 interiit.

128 1933 305 1954 ‹cccxxx-11.
317 1929 346 1968 4
374 1914 501 1956 Gothi
514 1915 637 1956 infida
649 1916 842 1956 Romanis
850 1929 946 1969 pace
959 1914 994 1954 se
1007 1915 1178 1955 tradunt.

129 1963 146 2002 J
150 1964 272 2031 3¹2³ssss
272 1974 308 2031 ξι(
373 1970 597 2012 Ambrosius
607 1974 643 2011 in
657 1971 766 2011 Italia
773 1971 995 2011 Mediolani
1006 1970 1227 2023 episcopus,

129 2013 281 2071 gusascen-
322 2026 520 2068 Martinus
539 2028 576 2067 in
595 2027 735 2067 Galliis
744 2027 922 2067 Turonis
934 2026 1145 2079 episcopus
1158 2055 1170 2073 ‚
1189 2031 1228 2066 ὃς

130 2080 182 2110 ‘fit-
321 2083 412 2122 vitae
422 2083 567 2123 meritis
579 2111 590 2129 ‚
605 2084 640 2121 ὃς
660 2083 820 2135 patratis
832 2083 948 2123 mirac
955 2082 1027 2121 ulis
1039 2083 1227 2124 virtutum

322 2137 516 2177 habentur
529 2137 708 2190 insignes.

324 2204 343 2244 ς
375 2191 629 2233 Theodosius
649 2191 865 2232 Arcadium
884 2191 1007 2231 filium
1022 2190 1130 2232 suum
1144 2192 1226 2232 Au-

322 2247 479 2301 gustum
502 2248 700 2302 appellans
723 2247 832 2300 regni
848 2245 942 2295 facit
954 2246 1020 2287 sibi
1040 2246 1112 2287 effe
1130 2261 1225 2288 con-

325 2305 479 2343 sortem.
1015 2323 1017 2325 ·

325 2357 348 2396 6
380 2358 591 2400 Honorius
605 2359 768 2398 nascitur
781 2356 882 2397 filius
893 2356 1125 2399 Theoclofii.

381 2413 520 2466 Legati
539 2414 737 2454 Persarum
761 2414 811 2452 ad
822 2411 1096 2452 Theodosium
1110 2413 1222 2453 Con-

323 2467 620 2522 stantinopolim
634 2469 809 2508 veniunt.

323 2535 345 2576 7
377 2524 715 2579 Greothingorum
727 2524 850 2577 gei-isa
864 2523 1098 2564 Theodosio
1111 2522 1220 2577 supe-

324 2590 440 2620 ratur.

380 2635 640 2676 Priscillianus
658 2635 909 2676 declinansin
930 2634 1094 2675 haeresim
1114 2634 1225 2674 Gno-

326 2691 600 2744 sticorum,per
612 2692 833 2745 episcopos,
846 2705 947 2745 quos
959 2690 1026 2731 sibi
1037 2692 1076 2730 in
1090 2692 1226 2731 eadem

327 2749 519 2800 pravitate
537 2747 748 2801 collegerat
760 2775 770 2794 ,
795 2747 930 2787 Abulae
947 2747 1154 2800 episcopus
1171 2760 1230 2786 or-

328 2803 496 2842 dinatur.
510 2804 579 2855 qui
591 2803 742 2856 aliquot
756 2802 1038 2855 Episcoporum
1050 2802 1230 2842 conciliis

129 1495 260 1522 Omisit,

129 1543 202 1561 [CXC.

133 2385 170 2411 Η,
182 2389 272 2410 CCCC.

133 2532 263 2562 Ormp,

134 2580 237 2600 ccxci.

328 2857 482 2897 auditus
495 2886 506 2904 ‚
529 2858 676 2898 Italiam
691 2859 810 2911 petit,
823 2861 860 2897 &
873 2857 1055 2897 Romam.
1081 2857 1168 2896 Ubi
1179 2871 1228 2896 ne

328 2912 378 2951 ad
391 2913 643 2964 conspectum
665 2915 830 2966 quidem
850 2913 1065 2952 sanctorum
1077 2912 1227 2964 episco-

331 2979 472 3018 porum
485 2968 635 3008 Damafi
646 2997 657 3016 ‚
677 2974 715 3009 &
729 2968 920 3008 Ambrosii
932 2978 1123 3020 receptus,
1138 2980 1227 3006 cum

327 3022 390 3060 his
402 3035 490 3060 cum
504 3024 645 3075 quibus
658 3025 796 3069 iverat,
806 3023 908 3063 redit
919 3023 968 3062 ad
981 3022 1139 3062 Gallias.
1153 3022 1227 3061 Ini-

330 3075 553 3116 bisimiliter
566 3107 576 3125 ,
596 3080 617 3117 31
627 3080 756 3118 fanno
771 3078 947 3119 Martino
960 3077 1169 3131 episcopo,
1189 3081 1225 3117 &

327 3130 377 3169 ab
391 3131 473 3170 aliis
482 3133 688 3186 episcopos
712 3134 1115 3186 haereticusjudicatus
1128 3162 1139 3180 ,
1157 3146 1227 3186 ap-

328 3185 447 3236 pellat
457 3187 504 3224 ad
518 3188 815 3241 Crcsarem3quia
827 3189 1006 3229 inGalliis
1019 3189 1077 3229 his
1091 3189 1229 3228 diebus

329 3240 560 3301 potestatem
588 3255 773 3296 tyrannus
802 3246 1002 3285 Maximus
1024 3244 1226 3284 obtinebat

328 3297 492 3346 imperii.

330 3349 351 3387 8
384 3349 541 3388 Arcadii
554 3352 854 3405 quinquennalia
865 3355 1121 3395 celebrantur.

387 3403 577 3444 Romanae
598 3408 766 3447 ecclefiae
783 3424 922 3451 xxxvi.
955 3410 1118 3451 habetur
1140 3409 1225 3461 epi-

330 3456 470 3509 scopus
484 3459 651 3500 Siricius.

329 3528 352 3560 9
385 3513 642 3556 Priscillianus
656 3528 819 3570 propter
830 3520 1085 3573 supradiflam
1104 3519 1217 3560 haere-

596 325 1093 448 ‘IDATII
1200 283 1904 403 EPISCOPI

517 455 2171 660 HRONICON.

1265 746 1331 788 fim
1343 744 1389 788 ab
1402 747 1630 802 episcopatu
1642 750 1884 803 depulsus,&
1897 763 1987 791 cum
1999 748 2083 803 ipso
2095 749 2171 790 La-

1264 803 1466 843 tronianus
1496 805 1636 852 laicus,
1665 806 1936 859 aliquantique
1963 805 2170 846 senatores

1266 860 1346 910 ejus
1364 859 1471 912 apud
1493 858 1691 899 Trevirim
1711 861 1778 899 sub
1798 871 1963 914 tyranno
1985 861 2168 901 Maximo

1269 914 1484 954 caeduntur.
1506 914 1606 954 E'xin
1617 916 1657 954 in
1679 914 1906 954 Gallaeciam
1921 916 2168 958 Priscilliani-

1266 970 1407 1010 starum
1419 969 1569 1010 haerefis
1581 970 1728 1011 invafit.

1269 1038 1316 1063 10
1348 1024 2168 1078 MaximustyrannusocciditurperTheo-

1262 1078 1413 1120 dofium
1437 1081 1555 1121 tertio
1577 1081 1710 1134 lapide
1730 1081 1778 1121 ab
1807 1081 1992 1134 Aquileia
2021 1082 2166 1133 quinto

1260 1133 1458 1175 Kalendas
1470 1136 1663 1189 Augustas
1677 1150 1683 1176 :
1695 1140 1732 1178 &
1742 1137 1885 1177 eodem
1897 1147 2094 1189 tempore,
2103 1137 2167 1176 vel

1251 1189 1346 1244 ¹ipso
1356 1204 1459 1231 anno
1471 1192 1513 1230 in
1524 1191 1663 1232 Galliis
1672 1206 1739 1245 per
1750 1190 2006 1245 Arbogastem
2026 1192 2167 1234 Comi-

1261 1256 1338 1341 ταῖς]
1350 1245 1452 1286 filius
1466 1246 1631 1289 Maximi
1642 1248 1802 1288 nomine
1814 1247 1957 1288 Vistor
1969 1248 2166 1289 extinctus

1262 1314 1284 1340 e
1322 1333 1330 1341 .

1317 1357 1518 1412 Cynegius
1543 1357 1762 1399 Theodofii
1778 1355 1981 1412 praefefilus
2002 1356 2164 1398 habetur

1263 1412 1443 1461 illustris,
1464 1414 1656 1468 quifaffis
1669 1413 1881 1468 insignibus
1892 1413 2095 1466 praeditus,
2124 1417 2164 1452 &

1265 1467 1447 1521 usquead
1468 1471 1689 1524 AEgyptum
1701 1481 1906 1525 penetrans
1925 1469 2104 1524 gentium
2123 1467 2167 1507 sl·

1265 1525 1438 1564 mulam-a
1451 1524 1652 1568 subvertit.
2321 1563 2324 1567 ,
2353 1575 2356 1579 ’

1269 1594 1285 1617 1
1297 1593 1314 1618 1
1347 1579 1597 1622 Theodosius
1606 1595 1697 1622 cum
1707 1580 1895 1622 Honorio
1905 1579 1989 1621 filio
2001 1580 2071 1620 suo
2083 1577 2167 1619 Ro·
2183 1595 2313 1628 omar:
2325 1589 2347 1604 “’

1267 1648 1369 1675 mam
1381 1636 1569 1692 ingressus
1582 1637 1648 1678 est.
2182 1642 2301 1665 ccxcii.

1271 1703 1317 1729 12

1271 1758 1314 1798 13

1271 1813 1321 1850 14
1352 1800 1653 1844 Valentinianus
1680 1803 1813 1855 junior
1833 1801 1940 1856 apud
1967 1801 2167 1843 Viennam
2182 1815 2303 1855 ccccxqu
2336 1826 2357 1840 w

1268 1853 1410 1894 scelere
1432 1856 1604 1897 Comitis
1635 1857 1844 1910 Arbogasti
1875 1857 2098 1905 occiditur,
2128 1862 2168 1898 &
2292 1865 2295 1867 ”
2339 1850 2358 1868 ⁸

1270 1909 1466 1963 Eugenius
1477 1923 1662 1967 tyrannus
1670 1911 1850 1955 efficitur.

1272 1978 1317 2017 ¹5

1273 2025 1319 2061 16
1346 2022 1823 2077 EugeniusaTheodofio
1833 2023 2008 2078 Augusto
2017 2021 2170 2078 supera-

1268 2087 1332 2116 tus
1344 2080 1555 2120 occiditur.

1273 2144 1320 2184 17
1351 2132 1606 2175 Theodosius
1625 2134 1895 2176 invaletudine
1922 2134 2114 2188 hydropis
2130 2149 2169 2174 a·

1268 2187 1354 2241 pud
1367 2188 1647 2231 Mediolanum
1660 2190 1869 2231 defunctus
1879 2190 1932 2230 est
1944 2203 2048 2230 anno
2059 2190 2171 2242 regni

1268 2243 1437 2284 suixvn.
1461 2245 1590 2286 Etiste
1600 2260 1721 2287 annus
1734 2244 2169 2300 ‚quiTheodofiixv11.

1267 2298 1347 2352 ipse
1359 2300 1530 2341 Arcadii.
1547 2305 1585 2340 ὅ(
1598 2302 1772 2342 Honorii
1783 2303 1820 2341 in
1834 2301 1950 2340 initio
1973 2300 2084 2354 regni
2101 2313 2171 2339 eo-

1268 2368 1351 2394 rum
1363 2357 1507 2408 primus
1517 2357 1584 2397 est.
1606 2358 1720 2410 quod
1732 2357 1825 2397 ideo
1836 2356 2100 2402 indicatur-,ne
2109 2356 2169 2394 O-

1268 2410 1505 2463 lympiadem
1525 2413 1704 2467 quinque
1714 2425 1903 2452 annorum
1927 2411 2169 2462 turbetadje-

1270 2465 1372 2513 etio,
1395 2467 1436 2505 in
1454 2467 1532 2507 hoc
1550 2468 1644 2508 loco
1665 2479 1815 2508 tantum
1829 2479 1990 2520 propter
2001 2479 2170 2519 regnan-

1269 2532 1353 2560 tum
1366 2522 1504 2563 inserta
1516 2524 1751 2577 principum.

1275 2591 1291 2614 1
1323 2576 1448 2618 Rom
1463 2592 1644 2618 ANORU
1660 2595 1692 2619 M
1722 2592 1788 2618 xi„
1818 2577 2167 2625 Arcadius,&H0-

1268 2634 1402 2672 norius
1420 2633 1640 2674 Theodosii
1662 2634 1733 2674 filii
1760 2631 1949 2674 defuncto
1969 2644 2078 2687 patre
2108 2647 2166 2672 re-

1270 2699 1392 2740 gnant
1403 2690 1512 2729 annis
1523 2703 1616 2731 xxx,

1275 2757 1294 2782 z

1274 2812 1293 2852 3
1327 2798 1548 2853 [Romanae
1568 2801 1742 2842 Ecclefiae
1760 2813 1915 2840 xxxvii.
1949 2798 2114 2840 habetur
2133 2814 2300 2845 e-ou-Mp.

1270 2855 1449 2908 piscopus
1461 2857 1714 2906 Anastafius.]
2183 2863 2281 2884 “¹⁶¹‘'-

1270 2976 1288 3015 5
1323 2963 1367 3003 In
1396 2967 1599 3018 provincia
1618 2965 1927 3021 Carthaginiensi
1948 2966 1987 3005 in
2008 2965 2168 3005 civitate

1268 3020 1418 3061 Toleto
1429 3020 1602 3073 synodus
1614 3022 1888 3076 episcoporum
1903 3020 2145 3061 contrahitur
2155 3048 2168 3065 ,

1268 3075 1307 3113 in
1322 3089 1394 3128 qua
1408 3078 1519 3129 quod
1531 3079 1645 3131 gestis
1657 3081 1894 3124 continetur,
1906 3074 2169 3128 Symphofius,

1271 3133 1309 3169 ὅ(
1333 3131 1525 3172 Diffinius
1536 3163 1546 3181 ,
1563 3138 1601 3173 &
1613 3135 1675 3173 alii
1697 3147 1785 3173 cum
1798 3133 1856 3171 his
1870 3131 2062 3170 Gallaeciae
2076 3144 2167 3183 pro-

1270 3186 1408 3228 vinciae
1420 3189 1615 3242 episcopi,
1636 3188 1862 3228 Priscilliani
1883 3185 2083 3225 senatores
2095 3186 2165 3224 ha:-

1269 3241 1377 3281 refim
1403 3246 1483 3295 ejus
1503 3243 1857 3295 blasphemissimam
1870 3254 1957 3280 cum
1970 3240 2166 3281 adsertore

1266 3298 1410 3337 eodem
1424 3298 1665 3351 professionis
1685 3298 1758 3339 suae
1769 3297 2050 3349 subscriptione
2070 3310 2165 3335 con—

1268 3352 1464 3394 demnant.
1485 3353 1716 3394 Statuuntur
1726 3353 1901 3406 quaedam
1913 3353 2028 3391 etiam
2040 3351 2165 3390 obser-

1265 3409 1392 3447 vanda
1411 3409 1461 3448 de
1481 3407 1655 3449 ecclefiae
1686 3408 1912 3461 disciplina,
1945 3407 2164 3445 communi·

1263 3475 1377 3502 cante
1396 3465 1434 3502 in
1457 3465 1601 3503 eodem
1620 3465 1806 3504 concilio.
1840 3463 2002 3515 Ortigio
2016 3460 2161 3513 episco—

1261 3531 1316 3571 po
1327 3546 1339 3566 ,
1350 3520 1419 3572 qui
1429 3519 1597 3561 Caelenis
1609 3519 1732 3560 fuerat
1746 3519 1958 3564 ordinatus²
1970 3516 2032 3555 sed
2045 3529 2161 3599 aglen-

2053 3582 2157 3610 trani:

2312 1901 2322 1919 1

2184 1967 2309 2002 ΟιγΜΡὲ

2186 2016 2320 2039 ccxciii:

2183 2069 2220 2091 ιι.
2237 2061 2328 2095 ccccx.=
