2366 4040
745 295 1704 357 DEDICATIO.

246 412 363 477 lius
387 404 727 474 venerandi
751 405 1012 469 Senatus
1041 395 1267 466 Praeses
1298 453 1312 477 ,
1342 399 1605 495 Justitiae
1638 402 1861 469 libram
1885 419 2208 494 tempera—

246 526 348 572 res
375 556 388 581 ‚
430 521 640 568 tamen
664 500 939 589 partium
965 491 1086 559 effe
1112 515 1401 561 mearum
1425 497 1760 565 crederem
1784 546 1800 566 ,
1847 498 1997 565 illuc
2024 506 2209 564 etiam

248 597 377 667 hoc
400 596 480 663 ad
505 614 569 661 te
596 591 843 661 deferre
857 610 1092 656 munus
1143 615 1155 653 :
1199 612 1351 656 cum
1367 590 1496 681 ipsa
1508 591 1795 683 postulet
1809 596 2072 683 aequitas
2091 646 2104 669 ,
2140 610 2212 658 ut

251 691 444 780 quod
483 689 674 756 semel
719 679 1018 772 Augusto
1054 683 1218 748 Patri
1243 682 1488 753 sacrum
1533 685 1652 757 fuit
1677 744 1691 768 ‚
1734 688 1816 754 ad
1839 686 2215 777 Augustum

247 787 483 854 Filium
502 838 516 861 ‚
541 799 848 866 tanquam
873 777 950 843 ad
964 773 1543 866 justum&virtutis
1559 784 1746 869 plane
1771 780 2099 874 singularis
2116 836 2130 859 ‚
2149 785 2215 849 &

251 893 778 946 ornamentorum
813 873 1108 938 omnium
1144 868 1474 936 haeredem
1515 875 1803 941 transeat.
1866 877 2014 967 Jam
2050 879 2217 945 vero

244 979 396 1037 cum
427 968 804 1055 &Legatus
833 967 1078 1056 Regius
1104 967 1168 1028 in
1195 961 1328 1031 hoc
1354 964 1580 1056 Belgio
1604 963 1675 1033 fis
1701 1017 1716 1040 ,
1769 970 1842 1033 ὃς
1874 968 2219 1056 praefiscine

245 1064 484 1136 dicam,
536 1063 936 1151 Legatorum
953 1058 1258 1151 splendor
1278 1109 1294 1129 ,
1321 1064 1728 1151 patriamque
1752 1059 2032 1130 nostram
2049 1070 2224 1153 opti-

245 1182 350 1224 ma
381 1178 602 1234 rerum
625 1158 958 1224 donaveris
994 1204 1008 1225 ‚
1058 1152 1405 1223 constituta
1428 1157 1590 1222 Pace
1617 1207 1632 1232 ,
1659 1158 1842 1247 cujus
1865 1156 2222 1225 nobiliores

155 1320 186 1338 A!
248 1250 488 1328 Artes,
544 1253 609 1318 &
637 1271 979 1341 quotquot
1015 1250 1133 1317 illis
1169 1249 1562 1319 subserviunt
1609 1301 1624 1321 ‚
1690 1247 2007 1319 beneficio
2043 1250 2224 1320 refo-

245 1367 477 1414 ventur
503 1399 517 1422 ,
543 1347 706 1438 quid
729 1344 1012 1436 superest
1036 1367 1232 1436 quam
1258 1366 1335 1415 ut
1357 1345 1675 1413 Universae
1699 1366 1764 1415 te
1799 1347 2058 1414 Litterae
2083 1371 2226 1414 cer-

245 1444 423 1509 tatim
448 1494 463 1518 ‚
500 1443 830 1532 quendam
871 1442 1067 1510 veluti
1113 1439 1499 1532 Musegeten
1540 1439 2036 1532 quibuscunque
2070 1439 2227 1530 pos-

245 1536 393 1606 sunt
416 1536 627 1605 modis
667 1539 884 1604 colant
926 1540 992 1604 &
1025 1548 1461 1605 venerentur?
1505 1536 1662 1628 Ipsae
1688 1590 1702 1613 ,
1729 1537 1931 1605 credo
1955 1586 1970 1606 ,
1999 1534 2222 1606 Musae,

246 1629 603 1700 domestica
627 1635 744 1700 tibi
772 1634 1104 1710 Numina,
1156 1653 1219 1699 te
1254 1629 1589 1702 Praefidem
1613 1631 1893 1709 Astraeae‚
1939 1653 2001 1699 te
2018 1633 2227 1721 Lega-

201 1812 205 1815 1
244 1744 392 1793 tum
415 1724 563 1794 huic
589 1727 818 1818 Belgio
847 1726 1135 1796 invident
1178 1780 1192 1805 ,
1238 1731 1305 1795 &
1369 1752 1576 1818 quem
1626 1727 1735 1795 fibi
1777 1728 2002 1795 datum
2039 1728 2226 1794 unice

244 1819 524 1910 vellent,
582 1825 755 1890 certe
797 1827 1152 1913 partientur
1194 1852 1208 1890 :
1250 1821 1751 1893 cum-univerfis
1802 1819 1999 1914 hujus
2024 1821 2262 1909 Belgii

242 1917 628 1984 Proceribus
665 1951 702 1994 ,ι
747 1922 1026 1987 maxime
1062 1918 1222 1984 vero
1267 1918 2010 1987 AMSTELODAMENS
2039 1940 2060 1981 1
2085 1937 2175 1982 Bu
2202 1937 2230 1979 s

243 2012 548 2076 Dominis
571 2013 729 2074 meis
769 2012 833 2071 in
857 2032 924 2074 te
962 2009 1370 2072 demerendo
1394 2012 1735 2070 certabunt
1759 2035 1772 2069 ;
1815 2015 1850 2068 a
1874 2026 1937 2070 te
1952 2009 2228 2092 Legato,

243 2119 315 2166 ut
330 2103 622 2168 civitates
643 2101 678 2162 a
706 2096 1096 2165 Consulibus
1124 2147 1139 2171 ‚
1189 2118 1394 2163 annos
1418 2095 1726 2187 deinceps
1752 2099 2229 2187 computabunt

246 2190 393 2263 suos
420 2221 433 2260 :
483 2194 597 2260 tibi
618 2213 877 2281 ponent
924 2215 1056 2261 aras
1083 2242 1098 2266 ,
1148 2192 1262 2257 tibi
1287 2188 1516 2257 statuas
1540 2191 1959 2269 dedicabunt,
1985 2213 2122 2256 non
2147 2216 2228 2259 ex

245 2311 574 2358 marmore
599 2305 708 2355 aut
743 2287 889 2357 saxo
920 2341 934 2364 ,
980 2283 1109 2354 sed'
1130 2308 1210 2352 ex
1234 2286 1649 2374 quantumvis
1673 2285 1794 2353 levi
1821 2342 1836 2366 ‚
1875 2294 2106 2376 quovis
2131 2304 2229 2353 ta-

246 2408 404 2462 men
430 2406 555 2450 aere
578 2385 950 2472 perenniori
977 2388 1236 2448 materia
1262 2430 1276 2453 ,
1322 2379 1579 2471 qualem
1604 2378 1703 2447 hic
1731 2380 1938 2467 vides,
2000 2383 2228 2459 Quam

248 2476 553 2570 profed'to
589 2499 790 2544 nemo
814 2479 924 2544 Te
951 2476 1183 2544 melius
1208 2471 1477 2544 aestimet
1502 2534 1516 2559 ‚
1561 2477 1677 2566 qui
1702 2498 1823 2567 per
1859 2472 2227 2543 universum

248 2573 606 2641 litterarum
620 2576 851 2639 orbem
875 2569 1132 2639 coeleste
1155 2568 1317 2636 illud
1356 2620 1372 2640 ‚
1415 2565 1638 2639 efficax
1661 2572 1727 2637 &
1754 2570 2014 2638 avidum
2041 2619 2059 2640 2
2100 2570 2230 2637 do-

250 2670 603 2758 &trinaeque
657 2689 847 2758 rapax
902 2667 1235 2756 ingenium
1271 2666 1438 2733 adeo
1484 2661 1749 2732 feliciter
1784 2662 2228 2740 circumtulisti,

251 2762 426 2828 nulla
458 2782 532 2828 ut
557 2759 626 2826 sit
650 2763 771 2828 Ars
792 2765 1072 2849 ingenua
1097 2808 1113 2828 ,
1163 2758 1246 2824 de
1274 2764 1405 2848 qua
1429 2779 1567 2825 non
1609 2760 1743 2848 pari
1769 2781 1921 2825 cum
1970 2754 2229 2825 artifici-

194 2871 197 2873 ·
252 2857 373 2922 bus
399 2857 463 2920 &
489 2863 707 2946 peritia
722 2856 1011 2948 judicare
1033 2848 1259 2946 pOffiS,
1289 2855 1355 2919 &
1381 2862 1680 2944 aequitate
1693 2850 1907 2922 soleas,
1977 2854 2228 2921 Miran-

253 2968 358 3015 tur
381 3002 395 3024 ,
446 2958 560 3037 qui
602 2969 670 3017 te
722 2950 1017 3041 quotidie
1068 2944 1290 3017 vident
1336 2968 1793 3040 conterentem
1827 2966 2120 3017 veterum
2146 2946 2226 3012 li-

252 3041 404 3107 bros
430 3093 444 3116 ,
488 3060 590 3108 tot
625 3047 789 3112 inter
836 3048 902 3111 ὃς
943 3065 1113 3113 tanta
1161 3047 1426 3134 negotia
1450 3092 1464 3113 ‚
1511 3067 1663 3134 quae
1697 3040 1864 3134 solus
1899 3041 2226 3109 influentia

257 3131 509 3204 sustines
529 3189 543 3213 ,
570 3136 756 3204 instar
781 3138 1147 3208 refectionis
1173 3156 1429 3229 captans
1457 3140 1889 3207 mutationem
1900 3135 2163 3202 laborisi

1182 3279 1458 3361 animusque
1494 3284 1697 3363 viczssim

431 3376 541 3431 Aut
567 3399 731 3432 curam
767 3377 997 3451 impendit
1013 3377 1192 3453 popults's
1213 3418 1229 3439 ,
1271 3396 1359 3434 am
1383 3380 1480 3434 otia
1504 3378 1685 3452 Musts.

263 3498 484 3566 Liceat
508 3502 698 3590 igitur
726 3498 938 3568 iisdem
965 3503 1121 3569 mihi
1146 3524 1209 3573 te
1247 3506 1451 3572 verbis
1476 3503 1648 3570 affari
1672 3504 1909 3592 quibus
1956 3500 2226 3589 Scaliger

265 3589 518 3660 Patrem
542 3594 902 3663 Thuanum
936 3657 951 3681 ‚
1004 3602 1152 3666 cum
1175 3608 1232 3667 ei
1258 3601 1412 3667 dixit
1448 3621 1579 3667 non
1615 3595 1848 3664 habere
1884 3595 1945 3663 se
1981 3595 2223 3684 aliquid

1954 3686 2222 3756 Eusebio
