2366 4040
395 260 441 299 50

444 319 649 361 adversum
661 332 731 359 nos
742 318 952 369 nostrique
965 314 1107 354 deusta
1118 313 1213 365 saepe
1224 309 1305 351 suc-

447 378 659 424 cenditur,
689 375 765 415 tela
786 375 909 426 ignita
929 369 1156 414 fabricavit,
1181 368 1304 406 maxi-

449 435 635 486 mamque
659 441 807 484 partem
840 426 987 479 Illyrici
1007 423 1143 462 iisdem
1159 422 1303 475 jaculis

446 489 680 528 vulneravit.
691 487 788 524 Dua:
800 495 893 523 tunc
907 477 1304 525 Macedoniae‚Thes-

400 586 403 593 ,‚
446 543 616 597 salisque
630 541 771 581 vastata
784 537 851 583 est,
861 539 898 574 &
913 533 1034 586 usque
1045 532 1304 587 Thermopy.

448 600 504 639 las
516 627 528 646 ‚
547 597 800 646 veteremque
815 591 976 643 Epirum
988 617 1000 636 ,
1023 589 1302 644 Getaeequites

443 652 661 708 depraedati
673 649 769 688 sunt.
788 645 904 685 Mille
913 655 1009 685 tunc
1022 644 1208 685 librarum
1221 646 1304 686 auri

447 710 629 750 denarios
651 717 720 758 per
737 701 906 742 Paulum
932 699 1150 741 Anastafius
1170 700 1303 754 Impe-

446 776 550 804 rator
570 775 643 814 pro
663 758 906 799 redimendis
932 756 1210 798 Romanorum
1239 769 1306 796 ca·-

444 815 727 872 ptivis‚Joanni
739 812 930 854 Praefeffi)
940 812 1095 865 Illyrici
1106 811 1219 852 misit.
1233 812 1304 852 de-

443 873 602 913 ficiente
616 871 746 925 pretio
758 900 770 918 ,
790 870 854 910 vel
875 866 1015 908 inclusi
1034 866 1109 908 suis
1126 881 1217 908 cum
1230 867 1305 908 do-

445 928 643 968 munculis
654 927 803 980 captivi
813 924 987 966 Romani
997 923 1103 964 tenti
1113 922 1198 965 sunt
1207 953 1220 972 ,
1239 923 1304 964 vel

444 998 519 1038 pro
532 984 649 1025 muris
661 981 877 1024 clausarum
889 980 1043 1022 urbium
1055 979 1254 1021 trucidati.

510 1090 1039 1131 INDICTIONE
1098 1083 1186 1125 XI.

701 1169 1003 1230 MagnofiloCost

393 1263 439 1304 In
458 1263 663 1318 provincia
680 1261 883 1302 Dardania
911 1257 1063 1299 affiduo
1083 1266 1305 1297 terraemoru

445 1334 568 1360 xxtv.
601 1318 756 1359 castella
783 1331 868 1357 uno
899 1326 1107 1355 momento
1134 1312 1307 1374 collapsa
1330 1337 1338 1345 -

446 1376 547 1416 sunt.
572 1375 758 1427 Quorum
773 1373 858 1414 duo
878 1371 1055 1411 suiscum
1079 1368 1307 1408 habitatori-

446 1431 519 1472 bus
532 1428 706 1471 demersa
719 1457 731 1477 ,
753 1439 920 1483 quatuor
939 1426 1105 1466 dimidia
1114 1422 1307 1464 aedificio-

446 1501 533 1527 rum
552 1485 709 1527 suorum
730 1485 1019 1536 hominumque
1048 1479 1177 1520 amissa
1196 1490 1306 1533 parte

447 1543 657 1590 destrufihr,
668 1541 856 1582 undecim
872 1541 988 1579 tertia
999 1536 1228 1583 domorum,
1242 1546 1305 1576 to-

447 1599 656 1652 tidemque
668 1597 812 1651 populi
831 1595 946 1635 clade
960 1592 1137 1647 dejesta,
1158 1591 1305 1645 septem

449 1666 587 1708 quarta
601 1654 793 1695 mitorum
816 1650 973 1691 suorum
986 1678 998 1698 ,
1022 1648 1214 1702 tantaque
1226 1648 1306 1701 ple-

447 1711 506 1751 bis
519 1722 628 1764 parte
641 1708 818 1763 depressa
830 1737 842 1756 ,
861 1707 993 1748 vicina
1004 1704 1100 1746 vero
1109 1714 1216 1744 metu
1227 1702 1305 1743 rui-

450 1780 586 1807 narum
615 1765 798 1819 despefiw.
818 1763 916 1804 sunt.
948 1761 1101 1812 Scupus
1131 1772 1306 1812 namque

448 1822 708 1875 metropolis,
735 1821 829 1860 licet
858 1818 937 1857 fine
971 1816 1116 1855 civium
1145 1814 1305 1854 suorum

448 1878 604 1918 hostem
624 1874 863 1928 fugientium
886 1873 1024 1917 clade,
1050 1868 1233 1909 funditus
1252 1879 1307 1908 ta-

410 1974 414 1976 ,
448 1947 539 1973 men
562 1933 724 1972 corruit.
756 1930 860 1970 Uno
884 1929 924 1968 in
946 1925 1105 1967 castello
1133 1925 1308 1977 regionis

449 1987 622 2035 (lanistae,
645 1987 760 2041 quod
775 1986 973 2026 Sarnunto
993 1981 1161 2027 dicitur,
1182 1981 1309 2034 ruptis

446 2057 544 2086 tunc
555 2055 656 2084 terra
669 2043 779 2082 venis
795 2071 807 2091 ,
818 2045 857 2081 ὃ(
869 2038 1049 2080 adinstar
1060 2037 1221 2078 torridae
1232 2035 1311 2076 for.

448 2101 557 2141 nacis
575 2098 788 2139 exaestuans
806 2128 817 2144 ,
859 2096 1060 2136 diutinum
1084 2093 1311 2133 altrinsecus

447 2154 747 2207 ferventemque
757 2152 919 2193 imbrem
932 2148 1123 2190 evomuit.
1140 2147 1309 2187 Plurimi

449 2212 573 2252 totius
582 2209 798 2264 provinciae
818 2217 974 2247 montes
994 2204 1310 2244 hocterraemotu

450 2267 546 2308 scissi
557 2265 645 2306 sunt
654 2294 666 2313 ,
690 2265 860 2318 saxiique
877 2261 952 2302 suis
962 2259 1091 2302 evulsa
1101 2260 1309 2312 compagi-

450 2323 522 2363 bus
534 2350 545 2370 ‚
569 2321 844 2373 devolutaque
867 2318 1050 2358 arborum
1062 2316 1230 2368 crepido
1242 2328 1310 2368 per

451 2377 735 2430 xxx-passuum
753 2376 873 2416 millia
897 2384 1055 2427 patens,
1093 2375 1130 2411 ἃ
1152 2371 1192 2410 in
1213 2384 1305 2411 xrr.

451 2434 600 2487 pedum
620 2432 872 2472 latitudinem
893 2428 1124 2473 dehiscens,
1142 2426 1309 2479 profun-

451 2490 541 2530 dam
562 2488 772 2542 aliquantis
793 2486 1024 2538 voraginem
1050 2483 1225 2530 civibus,
1244 2496 1309 2523 ca-

451 2544 609 2585 stelloru
616 2558 653 2583 m
664 2543 924 2596 saxorumque
937 2540 1066 2580 ruinas
1078 2566 1090 2585 ,
1100 2538 1166 2578 vel
1177 2538 1308 2578 adhuc

452 2601 624 2641 hostium
654 2598 896 2639 incursiones
926 2595 1190 2649 fugientibus,
1218 2593 1311 2647 juffa

453 2657 615 2710 paravit.
660 2653 877 2694 Anastasius
910 2651 1008 2703 Imp.
1042 2649 1164 2689 subita
1184 2662 1311 2690 morte

452 2723 671 2765 praeventus
691 2711 814 2763 major
835 2708 1089 2760 ottogenario
1101 2707 1234 2759 periit:
1256 2720 1313 2745 re-

452 2768 588 2821 gnavit
599 2779 864 2807 annosxxvn.
888 2762 1036 2804 menses
1051 2776 1094 2802 11.
1109 2761 1193 2802 dies
1202 2775 1309 2804 xxix,

504 2874 1026 2914 INDICTIONE
1087 2867 1204 2908 XII.

538 2962 670 3000 Iustino
682 2963 804 3013 Aug.
826 2957 870 3003 ὠ
882 2952 1072 2996 Eutharico
1083 2952 1168 3007 Coff.
1204 2938 1213 2949 ⁸

394 3043 568 3100 justinus
583 3048 603 3086 ἱ
615 3046 759 3086 Senatu
774 3044 920 3084 eleuus
940 3042 1158 3095 Imperator
1177 3039 1310 3081 conti-

456 3104 536 3141 nuo
548 3103 750 3142 ordinatus
762 3101 829 3140 est.
851 3099 1058 3139 Amantius
1069 3097 1200 3150 palatii
1212 3095 1311 3135 Prae-

455 3156 618 3210 positus,
634 3158 828 3202 Andreas,
841 3152 981 3195 Misael
994 3156 1031 3192 ὅτ
1045 3151 1223 3192 Ardabur
1248 3165 1311 3191 cu-

456 3213 650 3260 bicularii,
662 3211 976 3252 Manichaeorum
988 3208 1177 3255 fautores,
1191 3207 1310 3260 &Ju-

457 3267 715 3319 sti-:iiAugusti
726 3265 956 3320 deprehensi
967 3264 1054 3305 sunt
1066 3265 1307 3316 proditores.

458 3321 642 3373 Quorum
652 3324 734 3362 duo
748 3352 759 3370 ,
772 3322 978 3361 Amantius
989 3326 1025 3361 ὃς
1038 3320 1228 3365 Andreas,
1238 3316 1312 3357 fer-

459 3392 504 3417 ro
513 3377 699 3417 trucidati
711 3377 816 3417 sunt:
839 3376 978 3417 Misael
990 3381 1027 3416 &
1038 3375 1218 3415 Ardabur
1229 3373 1311 3414 Ser-

459 3435 591 3473 dicam
614 3431 652 3470 in
675 3433 834 3470 exilium
855 3432 963 3472 milli.
995 3431 1240 3471 Theocritus
1258 3431 1311 3468 A.

460 3489 596 3528 mantii
618 3486 790 3533 satelles,
818 3500 940 3538 quem
968 3487 1076 3527 idem
1104 3485 1313 3526 Amantius

459 3542 690 3597 Praepofitus
703 3543 752 3581 ad
766 3543 1006 3593 regnandum
1019 3543 1118 3583 clam
1129 3553 1313 3595 praepara-

769 236 1409 284 MARCELLINI
1469 235 1890 281 COMITIS

1392 324 1503 354 verat
1513 345 1524 362 ‚
1537 315 1843 366 comprehensus
1855 344 1867 364 ‚
1880 320 1918 357 &
1930 317 1971 357 in
1983 332 2138 359 carcere
2151 318 2247 362 saxis

1393 369 1581 410 contusus
1598 369 1825 423 ingentibus
1845 374 1984 425 periit,
2012 374 2190 430 salsoque
2208 377 2250 417 in

1397 426 1555 480 gurgite
1576 426 1723 479 jacuit,
1749 427 1946 480 sepultura
1976 443 2142 484 quoque
2161 445 2253 471 cum

1399 482 1570 534 imperio
1592 483 1657 521 cui
1684 482 1849 523 inhiarat
1869 485 2004 526 caruit.
2026 485 2255 528 Vitalianus

1398 536 1542 590 Scytha
1555 537 1699 591 Justini
1719 540 1906 593 principis
1928 542 2078 593 pietate
2092 543 2141 582 acl
2152 556 2256 582 rem-

1400 593 1600 646 publicam
1614 605 1845 642 revocatus,
1857 596 2257 651 Constantinopolim

1400 646 1587 709 ingressus
1596 649 1663 692 est,
1670 650 1917 705 septimoque
1927 654 2169 707 receptionis
2182 653 2256 695 suae

1401 703 1467 742 die
1480 703 1669 756 Magister
1681 707 1830 747 militiae
1841 708 2061 751 ordinatus.

1422 807 1961 854 INDICTIONE
2023 814 2172 856 XIII.

1572 892 1744 932 Vitaliano
1753 894 1798 940 ῤ’
1808 897 1944 936 Rufiico
1956 897 2042 952 CoffJ

1345 979 1569 1022 Vitalianus
1590 979 1745 1021 Consul
1766 995 1851 1021 vn.
1882 983 2015 1024 mense
2035 986 2260 1029 consuIatus

1403 1035 1554 1076 suixvl.
1574 1037 1801 1078 vulneribus
1820 1036 2043 1087 confossus,
2061 1043 2098 1079 in
2109 1043 2259 1094 palatio

1404 1105 1494 1132 cum
1515 1092 1730 1133 Celeriano
1744 1097 1782 1134 ὅτ
1803 1091 1929 1133 Paulo
1942 1094 2169 1139 satellitibus
2185 1096 2261 1139 suis

1405 1149 1664 1202 interemptus
1673 1148 1739 1189 est.

1444 1252 1973 1296 INDICTIONE
2028 1255 2164 1298 XIV-

1555 1346 1750 1386 qubiniano
1759 1343 1804 1392 ῤ’
1825 1343 1958 1387 Valerio
1968 1342 2055 1398 Cqffi

1347 1428 1657 1473 Famofisfimum
1679 1432 1786 1474 hunc
1799 1431 2063 1473 Consulatum
2079 1433 2263 1487 Justinia-

1404 1500 1476 1527 nus
1495 1486 1650 1528 Consul
1668 1491 1846 1529 omnium
1858 1488 2129 1530 Orientalium
2150 1490 2262 1530 Con-

1403 1542 1527 1583 sulatu
1538 1542 1720 1597 profesto
1740 1542 2038 1584 munificentior
2050 1545 2109 1586 his
2118 1544 2262 1587 libera-

1402 1598 1579 1640 litatibus
1592 1600 1733 1641 edidit.
1755 1600 1865 1640 Nam
1879 1601 2264 1642 cctxxxv111.mil-

1402 1653 1455 1694 lia
1466 1653 1684 1696 solidorum
1695 1657 1733 1695 in
1745 1656 1939 1709 populum
1954 1686 1966 1703 ,
1978 1657 2102 1711 inque
2114 1656 2263 1707 specta-

1403 1709 1493 1749 cula
1526 1709 1603 1750 five
1627 1713 1670 1751 in
1700 1710 2011 1764 speetaculorum
2041 1711 2264 1754 machinam

1403 1765 1609 1806 distributa
1623 1796 1635 1815 ,
1653 1781 1721 1807 xx.
1735 1766 1874 1808 leones
1885 1781 1998 1815 ‚xxx
2014 1767 2160 1820 pardos
2175 1781 2265 1814 ‚ex-

1404 1823 1532 1872 ceptis
1542 1822 1624 1861 aliis
1645 1820 1759 1869 feris,
1780 1823 1819 1860 in
1840 1821 2129 1875 amphitheatro
2148 1822 2264 1864 fimul

1404 1875 1597 1917 exhibuit.
1622 1877 1667 1917 N
1673 1875 1873 1917 umerosos
1890 1888 2078 1930 praeterea
2087 1878 2264 1932 phalera-

1405 1929 1545 1985 tosque
1571 1933 1612 1973 in
1642 1933 1769 1973 Circo
1804 1932 1976 1972 caballos
1999 1934 2079 1987 jam
2107 1936 2264 1976 donatis

1384 2041 1387 2046 ⁸
1408 2001 1575 2049 quoque
1587 1989 1804 2042 impertivit
1814 1989 1970 2042 aurigis,
1982 2003 2060 2030 una
2069 1991 2264 2032 duntaxat

1406 2043 1624 2138 ultimtaque
1643 2058 1787 2099 mappa
1804 2044 2178 2100 insanientipopulo
2192 2046 2262 2088 de-

1409 2111 1510 2151 nega
1531 2113 1565 2139 a.

1455 2206 1985 2251 INDICTIONE
2061 2210 2165 2254 XV.

1569 2267 1775 2321 Symmacho
1787 2270 1831 2315 ὠ
1840 2271 1953 2308 Boetio
1967 2266 2053 2322 Coss

1542 2322 1973 2366 INDICTIONE
2034 2327 2068 2366 Ι.

1633 2386 1821 2423 mraxime
1821 2383 1898 2434 solo
1909 2381 1985 2435 Coſs

1351 2484 1812 2540 Pleriquelapidatorum
1825 2486 2124 2541 ‚percuqfforurm
2139 2487 2262 2528 urbis-

1408 2555 1488 2594 que
1497 2543 1835 2596 depopulatorum
1849 2573 1859 2592 ,
1876 2544 1942 2584 sua
1958 2539 2016 2585 'ob
2037 2544 2180 2584 scelera
2190 2545 2258 2584 de-

1410 2597 1588 2650 prehensi
1601 2628 1613 2647 ,
1625 2597 1728 2640 ferro
1741 2628 1752 2647 ‚
1771 2601 1875 2653 igni,
1888 2600 2180 2653 suspendioque
2192 2613 2258 2640 ex-

1411 2652 1520 2706 penfi
1532 2653 1619 2695 sunt
1628 2684 1640 2702 ,
1659 2666 1814 2709 gratum
1826 2656 1940 2696 bonis
1948 2656 2102 2697 civibus
2114 2656 2260 2710 specsta-

1408 2709 1543 2750 culum
1558 2710 1800 2752 exhibentes.

1468 2814 2006 2856 INDICTIONE
2068 2816 2135 2856 II.

1486 2898 1615 2949 [astino
1631 2905 1753 2954 &Aug
1764 2912 1779 2938 1
1786 2912 1815 2938 1.
1828 2898 1872 2945 ὠ
1881 2898 2035 2953 opilione
2043 2894 2129 2950 Coss]

1352 2981 1430 3023 His
1441 2982 1683 3024 Consulibus
1702 2986 1838 3039 inopia
1849 2983 1931 3024 olei
1943 2996 2121 3044 magnam
2134 2995 2262 3038 penu-

1409 3040 1506 3079 riam
1517 3039 1558 3079 in
1572 3041 1769 3094 populum
1779 3042 2023 3094 importavit.

1468 3143 1995 3185 IN-DICTIONE
2046 3141 2142 3182 III.

1590 3230 1754 3271 Filoxeno
1769 3228 1814 3274 όν
1825 3227 1930 3268 Probo
1939 3224 2023 3281 Cqffi

1347 3318 1522 3373 Joannes
1533 3318 1724 3359 Romana:
1744 3315 1914 3356 ecclefiae
1924 3315 2028 3368 Papa
2041 3328 2103 3354 LI.
2122 3327 2226 3354 anno
2238 3314 2260 3352 ὲ

1407 3375 1528 3416 Petro
1537 3372 1815 3427 Apostolorum
1829 3370 2027 3411 Pontificu
2034 3383 2154 3421 mque
2165 3383 2260 3422 prae-

1409 3431 1489 3472 sule
1504 3442 1748 3471 CCCCLXXV.
1762 3427 1936 3468 sesfionis
1948 3432 2030 3480 ejus
2041 3424 2260 3473 ‚Theodo-

1406 3487 1491 3527 rico
1501 3498 1595 3539 rege
1607 3498 1680 3538 pro
1702 3485 1958 3524 Atrianorum
1975 3482 2132 3522 suorum
2145 3493 2257 3519 caere.

1409 3542 1555 3583 moniis
1564 3538 1789 3594 reparandis
1800 3539 1999 3580 laborante
2009 3565 2021 3584 ,
2044 3535 2146 3575 solus
2157 3535 2255 3574 dun-

2152 3599 2259 3630 taxat
