2366 4040
799 269 1772 331 DEDICATIO.

321 383 530 449 dicam
555 382 788 469 ingenii
814 380 878 443 &
903 384 1092 442 animi
1115 382 1207 440 tui
1231 374 1613 466 magnitudo
1639 427 1654 452 ,
1681 379 1934 444 Domus
1959 372 2281 466 splendor,

323 477 389 542 &
417 514 522 528 ———
548 482 721 563 inclyta
738 482 877 556 fama
894 480 1062 536 Gloria
1077 517 1093 537 ,
1117 465 1224 536 sed
1245 468 1511 537 sublime
1536 466 1706 538 istius
1731 493 1861 560 qua
1884 469 1998 538 sub
2020 470 2284 559 Regum

322 571 611 636 Maximo
638 565 838 634 statim
860 566 1117 639 emines,
1142 564 1462 655 dignitatis
1485 562 1822 656 fastigium?
1837 574 1940 633 cui
1963 558 2287 631 summum

323 663 593 752 quidem
617 663 834 729 Virtus
856 676 962 724 tua
983 657 1179 725 debet
1201 679 1655 727 ornamentum
1681 700 1694 739 ς
1716 659 1827 727 sed
1846 662 2048 753 majus
2072 660 2290 749 impu-

325 774 428 823 tat.
473 755 717 823 Verum
743 751 1071 819 enimvero
1097 769 1414 841 quantum
1428 771 1553 817 tuae
1568 778 1673 822 me
1699 756 2042 846 Dignitatis
2070 751 2291 843 fulgor

325 848 633 917 deterruit
657 846 966 914 haetenus
991 897 1005 921 ,
1063 862 1316 911 tantum
1342 847 1571 911 invitat
1608 848 1674 916 ὃς
1699 850 1882 916 allicit
1915 848 2290 923 humanitaS‚

324 944 430 1008 tali
454 937 850 1031 potiffimum
872 962 1192 1030 praecone.
1246 940 1453 1024 Quod
1477 940 1492 1003 i
1500 935 1818 1028 gituripse
1834 943 2291 1028 proculdubio

325 1035 604 1104 {aeturus
631 1052 763 1100 erat
791 1035 828 1100 S
845 1056 934 1099 CA
951 1058 984 1100 L
1003 1058 1076 1102 IG
1094 1059 1128 1101 E
1148 1059 1186 1101 R
1212 1055 1253 1103 ,·
1270 1030 1313 1098 fi
1353 1028 1725 1124 provixiffet
1768 1033 1847 1098 ad
1882 1031 2057 1099 hunc
2091 1034 2294 1125 usque

327 1131 502 1198 diem
538 1179 553 1199 ,
589 1147 697 1198 aut
729 1125 772 1193 fi
812 1151 1015 1217 quem
1052 1126 1275 1196 filium*
1291 1127 1652 1196 studiorum
1675 1124 1943 1195 suorum
1968 1126 2296 1195 haeredem

329 1222 676 1314 reliquisset
703 1277 716 1301 ,
755 1223 822 1290 id
846 1247 977 1314 ego
1003 1225 1216 1292 multis
1242 1224 1612 1292 nominibus
1632 1219 1784 1287 mihi
1801 1218 2168 1290 faciendum
2180 1244 2300 1311 pu·
2356 1271 2360 1275 -

331 1321 483 1388 tavi,
507 1337 584 1385 ut
605 1318 734 1386 hoc
762 1317 1162 1386 Herculeum
1185 1322 1375 1409 Opus
1400 1321 1432 1383 a
1459 1342 1566 1385 me
1591 1317 1813 1384 denuo
1838 1329 1905 1384 in
1930 1318 2143 1382 lucem
2170 1317 2300 1383 edi-

331 1430 503 1483 tum,
530 1415 778 1482 nomini
802 1414 966 1479 Tuo
993 1436 1452 1503 nuncuparem.
1521 1414 1808 1480 Primum
1833 1413 2028 1487 enim,
2047 1412 2191 1501 quis
2207 1409 2301 1478 est

241 1505 250 1510 ”
331 1507 497 1576 adeo
524 1511 586 1573 in
610 1508 829 1575 litteris
856 1504 1087 1600 hospes
1115 1560 1129 1585 ‚
1155 1526 1227 1574 ut
1254 1506 1782 1577 neceffitudinem
1807 1509 2070 1598 ignoret
2095 1558 2110 1583 ,
2151 1529 2301 1597 quae

239 1617 242 1620 ’
331 1601 693 1671 Tau-Am,
722 1603 787 1668 ὃς
817 1602 1240 1671 SCALIGERI
1263 1604 1677 1695 nominajam
1704 1599 2170 1669 olimsanffion
2193 1625 2304 1668 co-

331 1696 485 1786 pula
507 1696 793 1764 devinxit
818 1704 839 1760 ?
882 1720 1033 1765 cum
1058 1696 1188 1766 hoc
1221 1721 1359 1767 non
1409 1715 1540 1765 tam
1588 1699 1626 1764 S
1644 1722 1681 1763 o
1699 1718 1734 1757 A
1753 1720 1787 1762 L
1804 1722 1824 1764 1
1841 1721 1880 1761 G
1899 1720 1934 1763 E
1954 1719 2026 1762 RI
2053 1747 2068 1771 ‚
2102 1697 2305 1784 quam

331 1787 523 1878 ipfius
562 1791 932 1859 eruditionis
960 1821 973 1858 :
1018 1794 1252 1859 Tuum
1276 1794 1434 1873 vero
1460 1815 1599 1860 non
1623 1793 1823 1882 magis
1847 1792 2082 1857 Tuum
2105 1793 2306 1878 quam

331 1885 398 1948 ὃς
424 1885 803 1952 eruditionis
833 1887 897 1951 ὃ(
921 1884 1111 1977 ipfius
1149 1897 1212 1953 in
1248 1888 1535 1956 eruditos
1573 1881 2021 1953 munificentiae
2056 1907 2305 1952 nomen

327 1972 456 2042 esse
485 1977 789 2042 Videatur.
852 1979 963 2039 Ne
989 1981 1514 2062 operasquidem
1539 1977 2086 2062 Typographicas
2109 1977 2307 2042 latere

331 2066 580 2159 potest,
607 2068 892 2156 opinor,
929 2064 1294 2132 admiranda
1320 2069 1544 2145 Ξιωωρίς,
1579 2078 1729 2152 quae‘
1767 2080 1896 2131 tam
1935 2063 2102 2156 saepe
2133 2092 2304 2137 con-

321 2164 551 2254 jundffi
574 2169 642 2226 in
667 2158 892 2226 eadem
916 2162 1150 2252 pagina
1173 2157 1489 2236 versatur,
1515 2176 1585 2225 ut
1610 2155 1654 2224 fi
1680 2159 1825 2253 quis
1850 2162 2119 2228 alterum
2141 2162 2306 2240 sciat,

332 2256 507 2324 idem
529 2253 754 2323 ambos
772 2259 1049 2322 noverit:
1076 2255 1638 2346 quemadmodum
1653 2253 1812 2321 olim
1837 2267 1939 2323 cui
1953 2273 2148 2326 notus
2171 2276 2305 2323 erat

331 2349 645 2419 Horatius
661 2369 772 2417 aut
785 2352 995 2428 Maro,
1009 2347 1146 2419 fieri
1165 2360 1270 2417 vix
1281 2368 1555 2442 poterat,
1569 2368 1640 2417 ut
1652 2351 2089 2419 Moecenatem
2116 2361 2303 2443 igno-

333 2464 516 2514 raret.
588 2445 797 2535 Qod
812 2448 879 2511 M
888 2455 1192 2514 oecenatis
1214 2469 1460 2514 nomen
1474 2447 1539 2510 in
1563 2467 1765 2535 quem
1777 2468 2068 2537 unquam
2082 2444 2305 2513 homi-

333 2563 491 2608 nem
523 2541 779 2631 -potiori
808 2542 955 2632 jure
990 2544 1190 2631 quam
1227 2544 1294 2608 in
1333 2530 1717 2633 Augustum
1741 2540 2075 2631 parentem
2115 2559 2305 2608 tuum

335 2644 724 2703 conveniet?
766 2645 882 2726 qui
906 2659 1044 2703 non
1067 2637 1275 2704 modo
1322 2637 1832 2703 SCALIGEROS
1877 2638 1943 2703 &
1986 2638 2307 2704 CASAU-

337 2751 432 2796 Bo
450 2751 591 2798 Nos
618 2779 634 2800 ,
677 2726 785 2796 sed
820 2730 1138 2819 quicquid
1165 2730 1572 2798 eruditorum
1614 2753 1754 2797 aevo
1792 2729 1906 2797 illo
1930 2726 2049 2796 fuit
2089 2781 2105 2805 ,
2167 2749 2307 2794 non

336 2819 632 2912 praefidio
655 2841 907 2891 tantum
935 2826 1000 2890 &
1023 2827 1218 2915 gratia
1246 2827 1312 2891 ὃς
1337 2823 1606 2891 confilio
1620 2825 1802 2892 bono
1819 2822 1954 2899 ,sed
1968 2847 2037 2890 re
2045 2825 2307 2915 juvabat

339 2916 407 2980 ὃ(
434 2940 554 2986 aere
568 2917 684 2985 suo
702 2920 994 3010 proprio,
1013 2920 1202 3010 plane
1222 2916 1507 2989 inusitata
1537 2922 1603 2986 ὃς
1628 2920 1918 3008 Principe
1947 2919 2087 2984 viro
2115 2917 2305 3007 digna

337 3009 725 3079 liberalitate.
779 3018 946 3095 Quae
969 3012 1273 3104 profe&o
1291 3017 1354 3080 in
1375 3014 1514 3104 ipso
1530 3015 1731 3104 longe
1745 3011 2175 3080 admirabilior
2188 3035 2307 3076 ex-

338 3105 465 3170 titit
482 3158 496 3181 ‚
521 3109 717 3195 quam
733 3109 792 3174 in
806 3110 874 3174 M
883 3109 1299 3177 oecenate‘illo
1315 3107 1522 3199 prisco
1539 3162 1553 3185 ,
1578 3108 1765 3198 quod
1777 3107 1880 3173 hic
1904 3104 2175 3194 quidem
2194 3104 2307 3169 Sa-

343 3197 530 3267 binos
555 3201 741 3266 dabat
757 3253 771 3277 ‚
796 3219 867 3266 ut
892 3203 1138 3269 audiret
1164 3204 1323 3270 illud
1352 3232 1364 3270 :
1392 3216 1565 3268 atavis
1586 3213 1705 3266 edite
1729 3206 1960 3288 Regibm,
1989 3202 2054 3266 &
2086 3200 2306 3288 iniqua

263 3359 281 3364 ,
342 3294 639 3360 mercede
665 3318 1084 3363 nummorum
1121 3300 1186 3370 ὃ(
1210 3298 1499 3366 villarum
1524 3295 2060 3364 immortalitatem
2085 3301 2306 3359 nomi-

344 3386 442 3450 nis
468 3387 548 3452 ad
573 3387 870 3475 posteros
894 3391 1279 3458 redimebat:
1306 3395 1532 3461 Parens
1547 3409 1760 3458 autem
1778 3390 1885 3455 ille
1899 3408 2047 3456 tuus
2073 3390 2137 3453 &
2163 3396 2305 3475 opi-

344 3478 466 3543 bus
493 3482 558 3544 &
574 3482 859 3550 do&rnae
884 3485 967 3548 ivi
982 3487 1256 3572 pollens,
1271 3491 1385 3575 qui
1401 3491 1532 3580 jam
1549 3505 1688 3552 tum
1704 3494 1996 3552 omnium
2011 3480 2302 3548 laudibus

347 3573 637 3659 gentium
663 3587 728 3642 in
752 3578 925 3645 coelo
948 3598 1084 3645 erat
1099 3630 1114 3654 ‚
1140 3582 1205 3645 &
1230 3584 1487 3648 maturis
1512 3579 1868 3647 honoribus
1882 3575 2304 3731 praesentlique

2100 3691 2146 3756 g
2172 3689 2303 3736 oria
