2366 4040
643 253 946 321 JOSEPHI
1022 256 1444 305 ScArmERx.

73 352 215 409 raudo
233 348 375 398 otiosa
389 347 566 413 ingenia
581 341 818 390 obIeEtare
835 340 1017 406 possint.
1058 346 1171 402 Qae
1195 342 1492 391 incommoda
1514 345 1736 408 quoniam
1758 348 1931 394 evitare
1951 367 2044 396 non

70 420 243 489 potest,
263 419 341 468 nisi
354 419 427 484 qui
442 411 727 461 nihilscribit
742 450 756 472 ,
780 409 917 459 hodie
938 428 1096 458 omnes
1118 449 1131 472 ,
1156 414 1233 477 qui
1253 412 1313 460 ad
1336 413 1628 461 scribendum
1649 412 1737 461 sese
1758 433 2046 481 comparant,

67 493 248 558 semper
263 488 506 538 meditatos
517 482 605 531 effe
619 494 841 547 oportet,
864 480 1104 545 quomodo
1125 482 1427 530 contumelias
1443 482 1539 529 illas
1553 483 1682 531 nihili
1695 482 1860 532 faciant
1885 505 1895 531 :
1920 504 2046 534 com-

69 564 223 611 munia
237 559 326 607 haec
340 553 648 603 scribentibus
661 550 748 599 esse
766 553 922 598 omnia
944 549 1177 614 deputent
1189 588 1201 610 ,
1227 568 1282 597 ne
1297 552 1407 617 quid
1421 554 1651 616 imparatis
1663 570 1836 601 novum
1850 555 2047 604 accidat.

69 633 188 680 Nam
202 627 287 674 istis
300 642 393 672 non
406 620 687 683 movebitur,
701 621 779 687 qui
798 620 1076 685 cogitaverit
1089 621 1241 666 omnia
1258 620 1350 666 haec
1364 639 1454 668 non
1470 621 1674 680 aliunde,
1692 639 1827 687 quam
1845 624 1900 669 ab
1918 641 2053 671 aemu-

67 699 252 756 latione,
268 693 461 752 invidia,
485 693 530 740 &
544 709 668 738 caeco
681 691 809 747 odio,
824 687 1085 753 proficisci:
1114 706 1166 736 ea
1181 707 1290 737 vero
1305 689 1395 737 tela
1410 693 1455 737 in
1470 689 1511 736 se
1527 693 1743 756 excipere
1759 730 1772 752 ,
1793 709 1890 756 quae
1905 695 1927 739 ᾗ
1945 711 2051 756 pso,

67 767 141 816 bis,
155 763 343 829 quidem
357 774 569 811 contorta
583 777 756 807 nocere
772 757 971 822 possent,
987 756 1044 805 'ab
1057 757 1279 823 improbis
1293 773 1447 807 autem
1460 759 1576 807 miffa
1591 798 1604 819 ,
1619 775 1694 806 aut
1709 761 1763 807 ad
1779 760 1821 807 se
1839 764 2054 825 perveni-

66 848 218 894 re,aut
231 831 324 882 alte
339 829 537 879 insidere
549 848 645 878 non
664 827 806 892 posse.
829 832 873 874 δε
891 827 1082 889 quidem
1094 829 1267 886 aequius
1282 827 1376 873 haec
1391 828 1511 874 feret
1528 866 1542 886 ,
1567 828 1598 874 si
1610 831 1870 877 meminerit
1883 847 2052 895 magno

63 905 356 967 Hieronymo
377 899 504 948 idem
532 895 772 952 accidisse,
804 895 884 954 qui
904 890 1345 954 reprehenfionibus
1369 909 1658 956 opportunus
1684 897 1773 944 fuit
1793 915 1890 944 non
1909 898 2056 945 solum

62 970 414 1028 maledicorum,
435 979 636 1030 quorum
652 975 839 1025 magnus
856 974 1092 1018 numerus,
1111 958 1188 1006 sed
1207 961 1345 1006 etiam
1362 958 1656 1021 aemulorum,
1675 963 1722 1008 in
1738 965 1901 1028 quibus
1916 968 2053 1015 Rufi-

61 1037 502 1104 nus‚&'ps⁰b⁰rum
518 1068 532 1090 ‚
553 1032 598 1076 in
625 1027 790 1093 quibus
812 1025 1101 1075 sanffiffimus
1116 1029 1180 1075 vir
1198 1028 1496 1095 Augustinus.
1550 1032 1764 1096 Magnam
1788 1035 1911 1080 enirn
1934 1035 2057 1096 inju-

60 1112 174 1158 riam
195 1106 273 1156 fibi
298 1102 490 1158 fecerit,
517 1099 598 1163 qui
617 1097 708 1145 sese
723 1096 845 1144 bene
868 1109 952 1143 aut
975 1096 1095 1144 male
1110 1097 1271 1145 audire
1297 1099 1342 1144 in
1365 1097 1688 1163 improborum
1709 1099 1900 1148 arbitrio
1924 1102 2059 1152 situm

61 1177 151 1226 esse
167 1170 430 1241 putaverit,
455 1170 502 1217 &
524 1184 616 1215 non
635 1169 794 1232 potius
808 1166 902 1215 haec
918 1167 1196 1231 praetervehi
1211 1185 1338 1215 aures
1358 1167 1476 1229 suaS,
1492 1187 1629 1233 quam
1645 1171 1689 1216 in
1703 1171 1854 1218 animo
1868 1171 1949 1218 suo
1971 1172 2060 1221 hae-

60 1261 159 1294 rere
177 1241 396 1306 patiatur.
434 1240 577 1285 Certe
594 1235 625 1284 si
642 1237 728 1285 istis
740 1236 1005 1295 hominibus
1031 1236 1145 1284 nihil
1169 1235 1375 1285 stimulos
1394 1234 1601 1296 subjicit,
1628 1253 1794 1303 praeter
1817 1241 2058 1301 invidiam,

30 1310 33 1313 ’
58 1310 271 1377 nihilque
285 1310 425 1374 magis
440 1324 605 1354 eorum
621 1308 797 1354 animos
812 1305 1062 1366 exulcerat,
1079 1322 1218 1372 quam
1230 1305 1409 1371 aliquid
1423 1306 1580 1354 videre
1594 1345 1609 1368 ,
1636 1307 1769 1373 quod
1797 1323 1873 1356 aut
1895 1325 2061 1373 praeter

57 1380 247 1429 illorum
263 1378 389 1444 spem
405 1377 596 1437 accidit,
613 1391 694 1423 aut
706 1376 835 1441 supra
849 1374 1038 1424 illorum
1057 1389 1246 1441 captum
1261 1376 1349 1438 est,
1376 1390 1456 1423 aut
1468 1375 1597 1437 cujus
1609 1377 1651 1424 se
1667 1375 1874 1426 au&ores
1890 1417 1903 1439 ,
1924 1397 2062 1443 quam

57 1449 196 1499 alium
211 1448 448 1515 quemvis,
472 1444 560 1493 effe
579 1445 762 1507 malint,
785 1457 915 1493 certe
938 1445 1167 1511 hocopus
1202 1463 1294 1493 non
1320 1463 1480 1510 parvas
1500 1444 1623 1494 faces
1645 1446 1992 1496 obtrectationis
2017 1451 2063 1497 in

56 1537 145 1569 nos
158 1518 386 1566 accendet
402 1554 416 1576 ,
440 1514 565 1582 quod
576 1515 710 1562 sciam
726 1528 904 1581 quanto
927 1513 1015 1562 illis
1035 1513 1298 1578 jandudum
1316 1518 1363 1563 in
1385 1515 1501 1562 odio
1516 1514 1592 1563 sim
1608 1531 1806 1580 propter
1822 1517 1911 1564 alia
1925 1556 1938 1578 ,
1961 1535 2064 1583 quae

58 1602 193 1637 antea
208 1587 452 1648 edidimus,
468 1603 526 1632 ex
544 1584 944 1649 quibusinvidiam
957 1587 1004 1634 in
1016 1603 1103 1632 nos
1118 1585 1375 1633 conflatam
1389 1598 1570 1633 tantum
1587 1585 1713 1632 abest
1732 1624 1747 1645 ,
1769 1600 1818 1634 ut
1843 1585 1959 1650 istud
1983 1605 2064 1633 ex-

59 1655 419 1724 tinguat,utilla
439 1672 545 1703 cum
560 1654 653 1702 hoc
666 1654 917 1720 conjun&a
938 1653 1080 1722 longe
1104 1654 1247 1719 majus
1264 1656 1359 1704 odii
1389 1657 1435 1704 Sc
1459 1654 1769 1709 aemulationis
1793 1656 2067 1704 incendium

59 1731 354 1774 concitatura
367 1724 468 1775 sint.
509 1724 599 1772 Sed
616 1743 705 1773 nos
723 1725 859 1773 facile
872 1723 951 1774 ista
964 1726 1162 1787 animOS,
1177 1743 1328 1785 aures,
1350 1725 1395 1773 8<
1411 1724 1572 1773 oculos
1585 1722 1764 1772 nostros
1775 1721 2066 1790 praeterflue-

59 1812 110 1844 re
130 1793 327 1855 finimus,
344 1795 484 1859 quiin
502 1811 585 1842 nos
601 1796 745 1861 iniqui
765 1795 928 1853 fimus,
956 1793 987 1844 fi
1013 1812 1129 1861 quos
1155 1794 1284 1844 nihili
1307 1794 1527 1857 facimus,
1557 1811 1719 1844 eorum
1742 1791 1981 1843 malediEta
2009 1792 2067 1841 ad

59 1881 145 1913 nos
159 1867 395 1929 pertinere
414 1878 637 1928 putemus,
680 1868 791 1913 Non
806 1867 870 1913 ita
884 1865 1026 1914 obliti
1040 1865 1188 1913 sumus
1200 1864 1356 1914 nostri.
1383 1883 1537 1931 eoque
1559 1863 1744 1926 majore
1768 1881 1873 1912 cum
1898 1861 2068 1908 fiducia

60 1933 118 1980 ad
132 1932 229 1979 haec
245 1949 328 1978 uos
342 1933 663 1993 obfirmamus,
682 1936 810 1997 quod
830 1934 912 1984 hos
923 1935 1106 1983 labores
1121 1934 1297 1982 nostros
1310 1949 1395 1983 tuo
1412 1935 1613 1993 nomini,
1642 1935 1710 1979 vir
1723 1932 1898 1980 summe
1912 1931 1959 1977 &
1973 1947 2067 1976 am-

60 1997 256 2062 plissime
274 2035 287 2057 ,
312 1997 338 2061 J
357 2015 385 2044 A
399 2015 438 2045 c.
471 2002 512 2043 A
530 2015 556 2043 u
572 2016 612 2045 G.
642 2000 686 2043 T
704 2015 730 2042 H
747 2016 775 2044 u
793 2017 818 2045 A
834 2018 862 2045 N
878 2016 902 2044 E
917 2037 931 2058 ,
954 2002 1161 2046 dicamus
1177 2038 1191 2060 ,
1210 2002 1292 2063 qui
1306 2001 1338 2046 fi
1353 2000 1473 2059 tibi,
1496 1999 1649 2046 &illis
1663 2000 1947 2064 probantur,
1964 1999 2069 2062 qui-

59 2067 151 2113 bus
166 2065 343 2112 eximiae
360 2066 550 2107 virtutes
565 2073 653 2106 tuae
669 2077 795 2123 aeque
808 2065 1061 2124 perspeffitae
1074 2065 1180 2107 sunt
1193 2098 1206 2120 ,
1232 2080 1285 2107 ac
1301 2067 1437 2120 mihi,
1454 2081 1547 2110 non
1561 2066 1648 2124 est,
1673 2068 1802 2127 quod
1820 2083 1983 2111 eorum
1995 2065 2070 2126 ju-

60 2135 179 2183 dicia
204 2129 501 2178 reformidem
519 2164 534 2185 ,
558 2145 757 2194 quorum
775 2128 1079 2175 contumelias
1098 2126 1358 2189 jandudum
1373 2128 1577 2194 despexi.
1622 2134 1736 2178 Satis
1747 2131 1942 2196 praesidii
1959 2133 2070 2180 mihi

60 2205 110 2251 in
131 2202 362 2268 dignitate
384 2211 488 2258 tua,
514 2199 559 2246 8<
587 2200 633 2245 in
650 2215 810 2244 arn-ore
825 2235 839 2256 ,
867 2215 964 2262 quo
983 2213 1066 2244 nos
1081 2196 1299 2245 haftenus
1320 2196 1590 2262 prosecutus
1606 2217 1679 2260 es,
1705 2199 1961 2264 repositum
1981 2202 2070 2249 esse
2110 2203 2115 2208 ’

61 2271 231 2318 sentio.
269 2271 389 2316 Nam
412 2270 486 2314 cui
509 2265 666 2329 justius
692 2267 783 2315 hoc
797 2284 917 2332 opus
929 2267 1086 2314 dicare
1105 2268 1256 2331 potui,
1277 2283 1413 2332 quam
1434 2267 1544 2329 tibi,
1559 2266 1691 2329 cujus
1718 2267 1892 2317 sidotes
1910 2272 2067 2332 animi,

65 2341 171 2388 vitae
184 2339 438 2403 integritas,
452 2353 604 2384 mores
617 2335 825 2384 leniffimi
843 2374 857 2398 ,
878 2335 1112 2402 singularis
1126 2335 1385 2384 moderatio
1399 2336 1508 2383 mihi
1530 2355 1589 2385 ex
1606 2337 1761 2402 aliquo
1773 2337 1850 2385 usu
1868 2377 1881 2399 ,
1905 2340 1985 2405 qui
2000 2342 2067 2386 in-

66 2420 141 2456 ter
165 2425 247 2456 nos
267 2405 383 2454 olim
403 2406 684 2466 intercessit,
710 2418 822 2452 nota
844 2422 942 2453 non
966 2406 1137 2465 effent,
1162 2418 1319 2453 tamen
1336 2423 1528 2470 cogerer
1545 2405 1657 2453 scire
1685 2443 1698 2464 ,
1723 2408 1850 2472 quod
1877 2407 2068 2472 publica

66 2475 184 2525 fama
198 2477 402 2543 ignorari
418 2493 513 2523 non
528 2473 645 2523 finit.
689 2477 764 2523 Eo
781 2476 903 2523 enim
921 2475 1033 2522 loco
1053 2472 1227 2540 positus
1241 2493 1316 2535 es,
1339 2474 1420 2522 ubi
1446 2473 1532 2522 istae
1558 2475 1920 2541 praestantiffimae
1932 2477 2066 2524 dotes

68 2544 217 2593 latere
235 2547 280 2593 in
296 2544 516 2601 tenebris,
532 2559 676 2610 atque
692 2544 857 2593 abditae
870 2544 956 2591 effe
969 2561 1064 2591 non
1077 2543 1278 2609 possunt.
1322 2546 1444 2592 Nam
1462 2543 1521 2591 de
1536 2545 1804 2593 eruditione
1820 2559 1899 2592 tua
1919 2549 2066 2594 nemi-

70 2631 178 2662 nem
203 2613 364 2680 fugere
389 2614 565 2678 potest,
588 2614 667 2662 nisi
685 2616 766 2680 qui
787 2614 945 2662 literas
972 2612 1118 2661 nescit
1144 2631 1153 2658 ε
1184 2614 1410 2678 &quieas
1429 2614 1600 2674 nescit,
1621 2611 1777 2663 tamen
1801 2615 1858 2662 ab
1881 2615 1931 2663 iis
1947 2653 1960 2676 ,
1987 2617 2066 2680 qui

70 2682 237 2742 sciunt,
252 2683 296 2729 id
315 2683 575 2747 intelligere
590 2685 762 2747 potuit.
800 2687 959 2743 Qum
970 2695 1123 2729 autern
1138 2680 1297 2730 multae
1320 2682 1479 2730 cauffae
1502 2682 1617 2741 sint,
1642 2700 1743 2748 quae
1766 2681 1973 2731 homines
1993 2683 2066 2731 lu-

72 2750 366 2798 cubrationes
378 2749 476 2796 suas
490 2751 547 2795 ad
565 2750 761 2814 insignes
778 2753 900 2794 viros
917 2751 1103 2797 mittere
1116 2749 1348 2798 inducunt
1362 2787 1376 2808 ,
1398 2753 1444 2799 8(
1467 2750 1601 2797 nullae
1616 2767 1774 2800 earum
1790 2768 1888 2800 non
1902 2752 2065 2819 aliquo
2087 2760 2091 2763 ’

71 2817 190 2880 justo
206 2832 478 2883 argumento
495 2816 913 2875 nitantur,nullum
927 2831 1082 2865 tamen
1101 2814 1263 2879 justius
1288 2817 1376 2865 effe
1397 2816 1559 2881 judico
1579 2855 1594 2877 ,
1623 2837 1761 2884 quam
1782 2838 1878 2884 quo
1899 2820 2065 2886 aliquis

75 2887 407 2950 persuadetur,
434 2886 481 2933 id
502 2887 659 2934 dicare
676 2924 688 2947 ,
708 2883 839 2947 cujus
862 2885 1202 2952 intelligentem
1223 2885 1336 2933 sciat
1361 2886 1450 2933 esse
1471 2905 1578 2934 eum
1601 2923 1616 2946 ,
1635 2889 1711 2936 cui
1735 2888 1927 2936 dicatur.
1969 2892 2065 2946 Qui

78 2954 200 3000 enim
216 2953 384 3001 librum
397 2956 565 3020 accipit
577 2993 591 3015 ,
614 2973 753 3021 quem
769 2960 864 3003 no'n
880 2955 1103 3022 intelligit
1119 2992 1132 3015 ,
1150 2956 1304 3002 animo
1316 2953 1560 3004 offerentis
1573 2995 1586 3017 ,
1602 2974 1698 3003 non
1714 2956 1835 3004 libro
1849 2995 1864 3016 ,
1881 2957 2067 3024 obliga-

76 3034 165 3070 tur.
207 3021 382 3068 Dostus
397 3038 505 3068 vero
523 3061 536 3082 ,
556 3026 603 3072 &
624 3027 800 3089 peritus
825 3041 982 3072 earum
1007 3041 1155 3071 rerum
1170 3062 1182 3084 ,
1202 3041 1302 3088 quae
1324 3022 1587 3071 offeruntur
1602 3063 1615 3085 ,
1642 3042 1734 3072 non
1754 3028 1901 3073 minus
1915 3027 2062 3088 dono,

76 3108 210 3155 quam
224 3090 432 3143 donantis
448 3092 617 3152 animo,
633 3096 830 3157 capitur.
874 3095 934 3140 Et
947 3093 1136 3158 quidem
1153 3093 1416 3157 plerunque
1431 3093 1640 3153 accidere
1653 3094 1831 3159 potest,
1864 3109 1916 3142 ut
1929 3094 2062 3155 cujus

77 3158 221 3207 statim
236 3157 604 3219 oblivisceretur,
618 3158 715 3221 ejus
727 3161 978 3207 meminiffe
994 3172 1202 3224 cogatur,
1219 3177 1360 3222 quum
1375 3159 1472 3222 ejus
1488 3161 1656 3210 librum
1671 3162 1836 3228 legerit
1851 3183 1864 3220 3
1889 3178 1964 3212 aut
1980 3166 2063 3211 im-

75 3227 254 3292 pensius
270 3245 439 3288 amare,
456 3244 593 3293 quem
609 3243 742 3274 antea
756 3226 994 3293 diligebat.
1036 3230 1109 3274 Eo
1122 3226 1277 3290 justius
1291 3228 1583 3294 propositum
1596 3231 1797 3279 nostrum
1814 3232 1878 3279 est
1900 3250 1910 3276 τ
1935 3233 2064 3298 quod

77 3295 214 3343 sciam
228 3314 320 3343 non
334 3294 478 3343 solum
494 3313 627 3360 quam
639 3299 804 3354 amiCO,
819 3296 894 3344 sed
907 3297 1046 3344 etiam
1061 3314 1196 3362 quam
1214 3298 1402 3344 erudito
1417 3299 1512 3346 viro
1523 3299 1612 3349 hoc
1637 3317 1756 3365 opus
1770 3303 1907 3348 mitto
1932 3322 1940 3348 ;
1969 3319 2064 3348 non
2096 3356 2101 3360 ,

80 3366 243 3428 utique
260 3364 385 3427 quod
400 3383 457 3412 ex
474 3363 569 3427 ejus
590 3364 788 3413 leffione
804 3365 860 3412 ad
880 3383 1084 3413 amorem
1098 3364 1234 3413 nostri
1251 3365 1351 3430 plus
1363 3368 1586 3418 accedere
1603 3369 1731 3435 posse
1747 3369 1953 3435 sperem,
1981 3385 2062 3416 aut

79 3447 239 3496 optem
266 3450 275 3475 :
302 3430 375 3478 sed
388 3435 494 3497 quia
508 3435 899 3498 quemadmodum
915 3434 1123 3482 homines
1138 3433 1311 3496 judicio
1324 3435 1528 3502 deligere
1545 3475 1559 3496 ‚
1586 3441 1649 3486 ita
1664 3438 1807 3486 libros
1825 3439 1980 3504 legere
1993 3437 2060 3482 so-

82 3499 144 3548 les
160 3538 172 3560 ,
194 3499 294 3565 spes
309 3499 373 3546 est
386 3499 503 3548 hunc
517 3502 682 3551 librum
696 3504 1148 3552 commendationem
1162 3504 1285 3568 apud
1309 3506 1518 3554 eruditos
1533 3509 1799 3556 meriturum
1818 3544 1831 3564 ‚
1857 3522 2061 3571 magnam

81 3569 264 3632 quidem
286 3569 414 3632 quod
429 3573 618 3619 nomine
638 3586 719 3618 tuo
733 3572 990 3639 divulgatus
1004 3572 1057 3620 sit
1071 3612 1084 3634 ,
1103 3571 1327 3634 majorem
1340 3592 1470 3633 ver0‚
1483 3576 1610 3640 quod
1624 3576 1812 3641 dignum
1830 3592 1935 3622 eum
1948 3591 2056 3619 cen-

83 3636 591 3705 sueris,quemlegere5.
632 3640 880 3690 Le&urum
893 3656 1043 3692 autem
1067 3661 1124 3691 ex
1144 3660 1202 3688 eo
1228 3640 1386 3705 spero,
1409 3644 1538 3708 quod
1563 3644 1753 3693 historia
1779 3643 1875 3705 ejus
1902 3643 2059 3706 praeci-

1169 3712 1325 3749 >¹5⁷3ssss
1917 3728 2059 3775 puum
