2366 4040
131 2739 314 2746 „md

140 239 211 299 185
495 263 500 271 ·
738 230 1682 292 EUSE1311PAMPH1L1'

357 331 732 401 RoM1D0M.'
829 366 832 367 ⁷
1082 341 1845 391 CONSULUM.

333 454 521 511 synodus
533 451 759 494 Antiochiae
770 450 791 488 a
803 445 977 488 Meletio
990 449 1028 485 &
1038 444 1113 486 suis
1122 445 1236 492 safra,
1247 446 1290 487 in
1301 461 1380 502 qua
1399 463 1428 488 H
1438 462 1465 488 o
1475 461 1512 487 Μ
1521 462 1547 488 o
1560 460 1589 488 U
1600 461 1619 488 s
1632 462 1647 488 1
1662 463 1688 489 o
1719 463 1748 489 A
1763 463 1794 489 N
1804 462 1830 489 o
1840 459 1911 487 Mo
1924 462 1948 488 E
1959 460 1984 487 0
1995 461 2061 503 Ψ
2071 462 2096 489 E
2113 450 2270 506 rejeffln

391 512 572 552 medium
583 512 686 550 inter
696 508 776 546 haec
791 517 852 543 Ho
864 515 902 540 M
915 516 941 541 0
954 515 977 540 E
989 516 1016 542 o
1027 515 1057 542 U
1066 517 1084 543 s
1097 518 1113 544 1
1126 515 1151 543 o
1165 518 1196 544 N
1220 505 1567 545 Macedonianum
1580 504 1730 560 dogma
1741 504 2060 546 vindicaverunt.

324 566 471 623 Jovian
477 583 520 608 us
529 564 737 607 cruditate,
747 560 832 618 *slve
843 558 970 598 odore
981 573 1195 613 prunarum
1207 588 1218 608 ,
1226 575 1323 615 quas
1334 563 1478 602 nimias
1493 562 1644 603 adoleri
1651 559 1810 616 jusserat
1822 595 1832 610 ,
1848 561 2083 603 Dadastanae
2094 566 2286 616 moritur,⁷

384 640 493 665 anno
504 624 626 664 aetatis
641 637 710 658 xxx
721 636 732 656 1
741 635 775 656 v.
805 615 897 655 Post
908 629 1031 669 quem
1043 616 1359 659 VALENTIN
1362 621 1381 660 Ι
1389 621 1471 660 AN
1476 619 1545 660 US
1567 619 1775 660 Tribunus
1785 621 2056 660 Scutariorum
2075 620 2098 661 ὲ
2117 622 2271 664 Panno-

387 683 452 721 nia
465 676 685 720 cibalensis
693 672 994 727 apuleicaeam
1009 674 1214 729 Augustus
1223 671 1440 727 appellatus
1451 676 1614 717 fratrem
1637 676 1972 718 VALENTEM
1990 677 2273 721 Constantino-

380 738 466 791 poli
478 737 521 775 in
533 731 867 775 communionem
877 731 989 786 regni
1000 729 1165 770 assumit.

326 833 360 865 V
363 833 429 865 AL
443 832 509 866 EN
512 853 521 858 -
840 815 842 817 ¹
864 828 1149 869 Romanorum
1170 826 1387 867 tricesimus
1405 825 1569 866 o&avus
1587 839 1725 881 regnat
1745 828 2270 882 VALENTINIANUS‚

326 881 362 964 'lg
367 883 403 964 [1J
407 882 442 964 lg]
454 883 520 965 lEAT-
535 884 537 886 ’
921 888 960 925 ὃς
978 884 1209 926 VALENS
1231 884 1343 955 annis
1358 903 1452 931 xiix,
1471 882 1674 924 mensibus
1689 885 1878 944 quinque.

326 957 522 1016 vALsst

130 1035 313 1056 vim-*m
327 1036 353 1070 1.
540 1035 767 1071 CCCLXVI.

324 1137 635 1194 Valentinianus
645 1137 825 1195 egregius
840 1132 934 1174 alias
944 1133 1170 1188 Imperator
1184 1136 1222 1172 &
1235 1131 1456 1193 Aureliano
1469 1129 1648 1170 moribus
1658 1129 1806 1178 similis,
1819 1131 1890 1173 nisi
1898 1133 2011 1187 quod
2022 1134 2273 1180 severitatem

382 1196 417 1249 ej
423 1210 466 1236 us
480 1197 660 1243 nimiam,
677 1202 715 1237 &
726 1193 961 1250 parcitatem
973 1190 1141 1245 quidam
1153 1188 1432 1230 crudelitatem
1444 1192 1483 1228 δε
1492 1187 1699 1228 avaritiam
1708 1187 2087 1244 interpretabantur.

325 1293 366 1326 ΙΙ.
402 1315 403 1318 ,
521 1293 773 1340 {CCCLXVIL
869 1287 1115 1384 Appllinaris
1133 1284 1387 1350 Laodicenus
1404 1283 1626 1339 Episcopus
1646 1285 1891 1328 multimoda
1907 1288 2112 1345 religionis
2136 1291 2273 1334 nostrae
2293 1328 2296 1331 ,

959 1356 1082 1399 cripta
1091 1357 1314 1398 componit.

324 1441 458 1484 Terrae
474 1455 590 1484 motu
603 1458 672 1499 per
683 1453 817 1484 totum
827 1441 968 1482 orbem
980 1439 1084 1480 fasto
1095 1467 1107 1486 ‚
1129 1452 1239 1480 mare
1247 1439 1340 1480 litus
1357 1437 1561 1494 egreditur
1571 1472 1581 1486 ,
1600 1442 1640 1480 δε
1654 1438 1794 1481 Siciliae
1805 1440 2103 1498 multarumque
2114 1443 2273 1487 urbium

382 1501 691 1541 innumerabiles
702 1500 874 1557 populos
884 1498 1116 1553 oppressere.

323 1558 444 1599 PRO
450 1554 586 1599 COPI
595 1560 630 1599 U
641 1558 678 1606 S,
691 1560 761 1613 qui
772 1556 879 1611 apud
893 1553 1291 1610 Constantinopolim
1301 1552 1555 1608 tyrannidem
1566 1553 1773 1602 invaserat,
1782 1554 1891 1610 apud
1899 1556 2115 1613 Phrygiam
2126 1558 2275 1601 Saluta-

383 1629 467 1655 rem
481 1616 676 1656 extinstus
685 1617 740 1657 cst
752 1632 760 1655 :
773 1620 811 1654 ὃς
821 1613 983 1668 plurimi
992 1613 1248 1668 Procopianae
1258 1612 1379 1667 partis
1390 1609 1472 1651 caefi
1482 1621 1605 1665 atque
1614 1611 1831 1666 proscripti.

324 1670 523 1712 Romana:
533 1673 716 1714 Ecclefiae
728 1671 944 1713 tricefimus
956 1671 1120 1723 quintus
1130 1669 1340 1709 ordinatur
1350 1667 1570 1723 Episcopus
1585 1668 1883 1709 DAMASUS.
1916 1670 1970 1710 Et
1980 1684 2064 1711 non
2072 1667 2160 1726 post
2170 1673 2274 1714 mul·

382 1741 468 1768 tum
481 1731 671 1784 temporis
682 1728 934 1770 intervallum
956 1725 1219 1767 URSINUS
1240 1728 1262 1766 a
1281 1724 1520 1779 quibusdam
1543 1725 1760 1780 Episcopus
1782 1727 2020 1768 constitutus
2047 1728 2274 1772 Sicinnium

381 1800 475 1826 cum
494 1787 569 1826 suis
580 1787 735 1827 invadit
757 1802 764 1825 :
784 1799 867 1838 quo
878 1782 1122 1824 Damafianae
1131 1783 1251 1836 partis
1260 1782 1414 1836 populo
1425 1782 1661 1823 confluente
1671 1810 1684 1829 ‚
1698 1782 1969 1826 crudeliffimae
1976 1785 2275 1831 interfectiones

374 1843 522 1885 ‘diversi
540 1843 651 1883 sexus
670 1858 792 1898 perpe
798 1851 925 1882 tratae.·
1834 1891 1848 1911 .

323 1940 380 1974 ΠΙ.
519 1941 792 1990 {CCCLXVHL
868 1934 1018 2036 Valsens
1030 1936 1079 2001 ab
1091 1935 1286 1996 Eudoxio
1299 1935 1562 1977 Atrianorum
1572 1933 1774 1992 Episcopo
1783 1936 2008 1993 baptizatus
2017 1940 2172 1983 nostros
2182 1956 2269 1998 per-

951 2007 1121 2051 equitur.

321 2095 363 2134 G
373 2093 415 2134 R
426 2096 459 2135 A
469 2094 509 2135 T
523 2095 543 2134 1
556 2095 594 2135 A
606 2096 649 2136 N
661 2093 703 2134 U
718 2094 742 2134 S
768 2093 1044 2135 Valentiniani
1054 2092 1157 2132 filius
1166 2090 1380 2133 Ambianis
1389 2091 1617 2147 Imperator
1626 2090 1759 2133 sanstus.

322 2150 458 2191 Tanta
468 2151 828 2206 Constantinopoli
839 2151 895 2191 est
905 2163 991 2190 orta
1002 2149 1212 2204 tempestas
1224 2182 1233 2197 ‚
1247 2159 1293 2189 ut
1304 2147 1411 2188 mirae
1422 2148 1714 2203 magnitudinis
1738 2147 1933 2193 decidens
1942 2151 2097 2207 grando
2107 2156 2274 2198 nonnul-

380 2208 439 2248 los
450 2209 661 2248 hominum
676 2208 934 2249 interfecerit.

327 2265 456 2319 Apud
469 2265 681 2306 Atrebatas
691 2266 778 2305 lana
789 2266 810 2305 ἐ
822 2265 916 2305 caelo
928 2265 1070 2320 pluviae
1080 2265 1207 2304 mixta
1216 2261 1397 2304 defluxit.

323 2322 502 2362 Hilarius
513 2322 733 2377 Episcopus
743 2322 925 2363 Pietaviis
937 2323 1117 2363 moritur.

324 2420 376 2454 IV
380 2448 388 2455 ·
524 2418 756 2460 {CCCLXIX-
865 2421 911 2461 N
915 2421 1019 2466 icaea,
1032 2433 1118 2474 quae
1127 2418 1224 2474 saepe
1234 2431 1371 2458 corrue
1377 2426 1447 2462 rat,
1458 2428 1569 2458 terrae
1576 2428 1690 2456 motu
1703 2415 1887 2459 funditus
1894 2418 2042 2461 eversa„

858 2476 1051 2517 Libanius
1062 2476 1343 2517 Antiochenus
1351 2474 1513 2516 Rhetor
1522 2473 1683 2530 insignis
1691 2474 1871 2516 habetur.

325 2585 364 2626 A
369 2599 451 2641 gon
463 2585 820 2641 Constantinopoli
832 2587 853 2626 ὲ
863 2585 1034 2629 Valente
1045 2585 1236 2628 redditus.

328 2698 374 2731 v.
523 2696 740 2740 [cccrxx.

330 2801 569 2843 Atanaricus
585 2801 679 2841 Rex
696 2801 930 2842 Gothorum
950 2802 992 2842 in
1013 2801 1264 2843 Christianos
1280 2797 1559 2854 persecutione
1580 2809 1786 2841 commota
1794 2795 1988 2852 plurimos
2002 2797 2205 2841 interfecit
2217 2815 2226 2840 :
2238 2803 2274 2843 &
2322 2800 2324 2807 ⁸

384 2860 437 2899 de
446 2859 615 2914 propriis
626 2857 786 2898 sedibus
796 2861 838 2899 in
849 2859 1083 2899 Romanum
1095 2857 1223 2899 solum
1235 2856 1400 2911 expulit.
2282 2864 2283 2869 ¹

330 2975 388 3013 VI·
539 2971 769 3012 ICCCLXXI.
886 2970 1077 3024 Eusebius
1088 2967 1348 3012 Vercellenfis
1358 2968 1577 3023 Episcopus
1585 2969 1764 3011 moritur.

886 3028 1247 3082 Constantinopoli
1258 3026 1551 3082 Apostolorum
1563 3027 1806 3082 Martyrium
1817 3025 2037 3069 dedicatur.

340 3126 492 3181 Magna
503 3127 626 3169 fames
635 3128 676 3168 in
687 3128 870 3182 Phrygia.
1778 3160 1780 3165 .
2252 3151 2253 3157 κ

345 3183 507 3224 Lucifer
519 3186 768 3225 Caralitanus
779 3183 995 3239 Episcopus
1006 3183 1185 3228 moritur,
1198 3181 1268 3235 qui
1280 3193 1373 3221 cum
1382 3180 1583 3237 Gregorio
1593 3178 1793 3235 Episcopo
1804 3178 2087 3234 Hispaniarum
2100 3213 2109 3226 ,
2136 3184 2173 3221 &
2183 3179 2272 3222 Phi·
2318 3193 2319 3197 ¹

402 3239 493 3279 lone
503 3242 639 3295 Liby-„r
649 3256 857 3296 nunquam
868 3240 905 3280 se
917 3241 1090 3280 Arrianae
1098 3238 1255 3279 miscuit
1263 3239 1460 3292 pravitati.
1674 3282 1677 3283 ⁷

347 3297 554 3336 Maximus
565 3299 770 3339 Praefersrus
779 3311 948 3339 annona:
960 3296 1161 3337 maleficos
1172 3295 1221 3335 ab
1230 3297 1477 3349 Imperatore
1485 3294 1719 3350 investigare
1726 3292 1812 3348 juff
1803 3306 1846 3334 us
1855 3292 2049 3349 plurimos
2057 3294 2273 3335 Romaeno-
2317 3291 2319 3294 ’
2331 3287 2333 3299 ¹

302 3352 304 3355 ’
406 3353 545 3393 bilium
556 3356 717 3396 occidit.
958 3358 962 3362 ’

345 3449 378 3482 V
383 3450 423 3483 11.
541 3450 790 3485 :CCCLXXIL
891 3449 1199 3551 Valentinsianus
1219 3449 1262 3489 in
1293 3450 1520 3497 Britannia,
1537 3460 1754 3504 antequam
1782 3448 2038 3503 tyrannidem
2061 3446 2274 3490 invaderet.

530 3519 531 3523 ¹
947 3521 1072 3562 oppre
1103 3520 1157 3548 us.

2161 3619 2276 3659 ROM.
