2366 4040
687 313 956 354 LIBER
1024 312 1425 354 TERTIVS.
1561 302 1563 304 ’
1905 307 1989 372 1133

94 401 101 415 ν
123 394 127 398 ’
164 388 408 424 neomeniam
420 387 533 438 ponit
543 387 606 417 ῐκἯ
617 381 759 433 Martij.
792 382 889 422 Non
902 384 1015 434 igitur
1028 380 1154 420 Patres
1168 381 1309 421 Niceni
1325 380 1695 422 Enneadecaeterida
1705 387 1987 436 excogitarunt:

164 438 226 479 sed
239 439 406 479 duorum
413 451 597 493 generum
608 437 827 477 hominibus
851 449 1111 480 occurrerunt,
1123 451 1289 490 quorum
1301 438 1404 476 alteri
1420 436 1560 478 Pascha
1572 438 1665 494 saepe
1674 451 1762 477 ante
1778 436 1871 478 veris
1895 440 1991 481 sidus

166 496 382 536 confeEtum
394 493 644 537 celebrabant,
660 498 839 536 nimirum
857 505 960 530 anno
972 496 1040 535 νῖῐ,
1061 497 1099 530 &
1113 498 1168 528 ffx
1184 497 1332 532 numeri
1342 498 1442 533 aurei
1453 493 1528 533 fine
1549 493 1773 534 embolismo
1787 495 1990 549 transigen-

167 565 235 596 tes,
247 564 289 590 ut
304 550 426 590 Iudaei:
435 549 540 588 alteri
554 549 836 602 quartadecima
852 548 980 590 Luna,
1005 546 1276 602 quamcunque
1289 548 1420 588 feriam
1436 565 1480 590 ea
1498 555 1724 601 incurreret,
1741 551 1992 590 Dominicam

166 606 470 646 resurreetionem
484 604 734 643 celebrabant.
766 603 839 642 Sed
853 603 902 643 ad
915 603 1088 645 saeculum
1101 605 1346 644 Constantini
1364 619 1616 651 reuertamur,
1635 622 1714 663 quo
1734 607 1908 646 Termini
1923 608 1992 647 Pa-

166 663 441 703 schaleslocum
459 659 660 702 habebant,
676 672 758 698 non
769 672 896 698 autem
909 658 1040 699 saeculo
1057 660 1224 715 Dionysii¹
1239 661 1381 715 lingui,
1399 676 1477 715 quo
1488 663 1537 701 illi
1553 663 1728 702 Termini
1741 676 1822 703 non
1833 669 1902 699 >W
1917 664 1991 702 Lu-

166 733 215 758 na
225 730 342 761 etant,
353 716 414 755 sed
424 717 500 754 fere
513 715 777 770 plenilunium,
792 728 952 771 propter
965 715 1138 766 weyn'yncnv
1156 716 1369 756 πλίωαὶκᾶι)
1377 736 1385 762 3
1409 732 1483 771 qua
1496 719 1691 758 nouilunia
1703 745 1714 762 ‚
1739 724 1777 757 &
1787 719 1992 774 plenilunia

165 787 284 813 unum
297 772 399 812 diem
412 771 603 827 epocham
618 771 850 811 Diocletiani
869 773 1171 812 anteuertebant.
1206 772 1318 812 Vnde
1331 773 1483 818 accidit,
1504 787 1547 813 ut
1566 776 1656 814 alius
1670 772 1758 814 estet
1775 775 1899 828 cyclus
1921 776 1989 814 Pa.

164 829 312 872 schalis,
333 830 421 867 alius
439 827 561 881 cyclus
576 828 742 866 Lunaris.
776 828 826 867 Et
846 841 1049 886 propterea
1061 827 1263 882 Dionyfius
1280 828 1329 867 ad
1350 830 1580 869 methodum
1600 835 1700 870 aurei
1713 835 1861 870 numeri
1883 837 1989 870 annis

163 884 305 926 Christi
314 889 498 923 unitatem
513 883 618 922 iubet
636 883 742 924 addi:
764 884 812 923 ad
833 885 1164 940 inuestigationem
1177 899 1266 923 vero
1280 885 1374 938 cycli
1388 885 1564 929 Lunaris,
1579 886 1627 926 de
1643 885 1770 933 iisdem
1787 890 1896 926 annis
1912 887 1991 926 duo
2017 935 2025 941 ¹

163 940 371 980 detrahere.
406 939 535 995 Qod
554 939 647 978 nihil
666 939 765 980 aliud
781 940 844 985 est,
856 940 1029 995 quamad
1044 954 1268 994 argumenta
1284 942 1401 979 Lunae
1413 941 1460 980 de
1478 943 1624 996 Epaffis
1638 947 1786 982 numeri
1801 947 1902 982 aurei
1921 947 1990 982 tria

162 997 370 1037 detrahere:
385 997 453 1040 vel,
470 995 576 1050 quod
588 996 691 1035 idem
704 996 768 1041 est,
780 997 828 1037 de
840 1001 946 1036 annis
962 1000 1062 1036 aurei
1075 1000 1223 1035 numeri
1237 1008 1310 1035 tres
1324 997 1531 1036 detrahere:
1547 1012 1599 1042 ut,
1611 1013 1730 1052 quum
1745 998 1855 1038 fuerit
1869 1013 1990 1038 annus

163 1066 315 1108 quartus
331 1054 448 1107 cycli,
475 1052 621 1092 dicatur
632 1057 788 1107 primus:
804 1067 925 1107 quum
937 1052 1050 1092 fuerit
1064 1056 1207 1096 tertius,
1222 1052 1369 1092 dicatur
1382 1053 1551 1108 decimps
1568 1069 1703 1093 nonus.
1722 1055 1794 1094 Sed
1807 1060 1921 1094 tutius
1941 1055 1990 1094 de

163 1109 308 1166 Epaffis
327 1113 395 1148 tria
408 1108 605 1148 deducere.
635 1109 875 1164 Exemplum:
891 1122 994 1148 anno
1002 1112 1129 1163 ptimo
1147 1110 1295 1147 numeri
1314 1114 1415 1147 aurei
1437 1122 1612 1164 tempore
1627 1111 1859 1150 Diocletiani
1880 1115 1988 1151 noui-

161 1168 309 1205 lunium
325 1163 497 1204 Paschale
511 1163 704 1204 incidebat
716 1168 756 1204 in
773 1168 850 1197 xxti?
861 1165 1002 1214 Marti),
1023 1179 1143 1219 quum
1155 1165 1295 1219 Epae'ta
1308 1164 1396 1204 effer
1411 1171 1455 1204 ῐι.
1492 1166 1671 1205 Deductis
1683 1167 1800 1217 tribus
1813 1167 1860 1206 de
1876 1173 1921 1210 ᾗ,
1932 1181 1988 1206 re·

162 1221 471 1276 manebitEpaeh
480 1221 634 1260 Lunaris
643 1227 699 1257 vm
715 1233 891 1275 tempore
899 1220 1170 1275 Dionyfij‚quae
1182 1222 1421 1260 nouilunium
1430 1221 1604 1261 ostendet
1612 1227 1651 1260 in
1660 1231 1729 1257 W
1741 1223 1905 1268 Martiita
1915 1237 1990 1276 qua

163 1278 223 1317 die
233 1281 367 1331 quinta
375 1278 512 1332 Aprilis
521 1277 573 1316 est
583 1277 923 1330 quintadecima‚&
933 1277 1097 1333 proinde
1109 1278 1457 1331 plenilunium,n0n
1472 1291 1598 1317 autem
1615 1278 1899 1331 quartadecima
1917 1279 1992 1318 Lu-

161 1346 267 1378 na,ut
278 1346 357 1372 erat
365 1332 495 1372 saeculo
506 1333 748 1372 Diocletiani.
783 1333 845 1372 Ab
853 1347 900 1372 eo
909 1347 1085 1387 tempore
1094 1347 1228 1371 omnes
1239 1334 1530 1386 Computorum
1545 1334 1888 1373 Eccleiiasticorum
1896 1348 1990 1374 con-

160 1388 300 1428 ditores
316 1387 450 1430 Graeci‚
469 1388 559 1440 Syri,
576 1389 729 1431 Arabes,
744 1393 782 1426 &
796 1389 919 1426 Latini
933 1392 1142 1426 terminum
1158 1386 1374 1426 pasch-aiem
1383 1401 1569 1427 vocarunt
1584 1390 1846 1442 plenilunium:
1863 1403 1989 1443 neque

159 1445 265 1484 aliter
274 1443 469 1482 Maximus
485 1442 711 1484 monachus,
726 1448 764 1481 &
780 1444 851 1492 ali),
869 1457 1009 1482 vocare
1027 1441 1157 1482 solent:
1173 1441 1281 1496 quod
1295 1456 1424 1481 reuera
1442 1441 1532 1482 effer
1551 1444 1812 1498 plenilunium.
1848 1446 1990 1498 Neque

160 1505 264 1540 enim
280 1513 414 1539 eorum
437 1501 589 1538 mentiri
613 1511 709 1541 erat,
736 1512 780 1537 ut
799 1511 974 1553 quartam
992 1498 1184 1538 decimam
1205 1498 1355 1537 Lunam
1369 1511 1568 1543 vocarent,
1585 1514 1668 1554 quae
1685 1499 1885 1539 manifesto
1900 1500 1990 1540 esset

161 1556 461 1611 quintadecima,
479 1553 786 1603 κρῖμποινυέλᾶυῶι.
825 1556 987 1604 Δ(ΞΙειυΛίις
1007 1558 1184 1594 omnium
1199 1555 1391 1594 bonarum
1405 1556 1596 1595 literarum
1615 1556 1906 1611 imperitissimus
1920 1571 1990 1595 nu-

159 1616 303 1668 gatoria
317 1610 481 1666 stropha,
496 1610 574 1650 hoc
590 1624 736 1650 nomen
743 1611 894 1650 eludere
906 1611 1045 1655 voluit,
1060 1616 1098 1649 &t
1110 1611 1276 1650 multum
1293 1610 1421 1650 aestuat
1433 1642 1443 1656 ,
1464 1624 1507 1650 ut
1523 1611 1634 1650 fatuis
1659 1611 1880 1666 persuadeat
1894 1612 1990 1651 Ter-

159 1673 309 1708 minum
332 1667 547 1706 paschalem
569 1680 590 1705 a
607 1667 747 1706 Graecis
768 1666 966 1706 πανσέλῖωον
982 1666 1124 1707 dietum
1136 1694 1148 1711 ,
1166 1681 1247 1706 non
1265 1666 1373 1721 quod
1389 1681 1432 1706 ea
1448 1666 1509 1706 die
1520 1671 1559 1706 in
1577 1668 1827 1722 plenilunium
1842 1668 1987 1708 incide-

160 1736 235 1768 ret,
252 1723 313 1762 sed
323 1721 429 1777 quod
440 1723 648 1776 plenilunio
663 1726 837 1777 proxima
849 1722 948 1763 effet.
982 1723 1126 1762 Astute.
1161 1722 1234 1762 Sed
1250 1727 1389 1762 mirum
1403 1723 1452 1761 illi
1462 1721 1580 1762 visum
1596 1723 1660 1768 est,
1674 1737 1793 1778 quum
1811 1738 1858 1763 ex
1877 1724 1988 1774 nobis

161 1779 344 1819 didiciffet
363 1782 569 1818 terminum
584 1776 800 1818 paschalem
819 1794 841 1818 a
862 1780 1003 1819 Graecis
1016 1778 1216 1819 πανσέλῖωον
1227 1783 1366 1818 vocari.
1387 1780 1480 1819 Hoc
1490 1783 1592 1818 enim
1601 1794 1683 1819 non
1693 1779 1753 1819 ille
1771 1778 1902 1825 solum,
1923 1784 1989 1834 qui

160 1835 254 1875 nihil
265 1835 365 1889 legit,
387 1847 521 1889 praeter
536 1834 751 1880 Euclidem,
765 1834 837 1878 sed,
854 1841 892 1874 δε
904 1835 1090 1876 dostiores
1109 1835 1348 1890 ignorabant.
1376 1836 1546 1891 Imperiti
1565 1850 1655 1876 vero
1670 1836 1853 1891 quicquid
1874 1840 1985 1892 igno-

161 1904 255 1934 rant,
269 1890 346 1930 hoc
352 1904 518 1929 errorem
527 1904 679 1930 vocant.
699 1893 701 1895 ’
1182 1897 1184 1899 ’

108 1949 178 1988 TA
191 1959 211 1985 B
222 1959 275 1985 vr
290 1959 317 1984 A
359 1959 378 1985 r
392 1958 478 1986 01-:c
491 1962 514 1986 v
525 1960 551 1986 N
565 1955 590 1986 n
602 1942 657 1985 A⁴
670 1959 702 1985 M
715 1960 741 1985 A
755 1961 778 1985 e
793 1959 820 1986 N
834 1960 847 1985 1
888 1959 942 1986 εγ
956 1961 978 1985 c
992 1947 1081 2004 ιι]
1114 1947 1178 1986 De
1194 1947 1358 2002 ¹periodo
1374 1962 1515 2002 magna
1529 1946 1692 2000 Paschali
1706 1946 1875 2000 Dyonifij
1901 1946 1990 1987 Exi·

159 2007 223 2057 gui
235 2002 320 2042 vide
339 2016 422 2055 qua:
434 2003 480 2042 ad
499 2002 640 2042 definit.
658 2006 713 2037 ῦιῐῐ
725 2006 952 2043 notauimus.
986 2003 1096 2057 Cycli
1112 2005 1163 2042 lui
1175 2007 1304 2060 magni
1316 2007 1468 2043 initium
1484 2003 1575 2043 fecit
1591 2003 1794 2057 Dionysius
1813 2004 1860 2042 ab
1878 2017 1985 2043 anno

159 2059 235 2103 illo,
249 2062 314 2112 qui
335 2059 451 2097 habet
464 2059 692 2099 ‘ferminum
700 2058 917 2099 paschalem
934 2061 973 2096 in
986 2065 1005 2095 ῦ
1017 2059 1166 2115 Aprilis,
1182 2058 1260 2100 hoc
1272 2060 1325 2099 est
1334 2075 1355 2099 a
1365 2064 1493 2114 primo
1505 2073 1609 2099 anno
1633 2061 1748 2098 Aurei
1760 2059 1801 2099 N
1804 2063 1933 2105 umeri3
1945 2063 1986 2098 in

159 2118 262 2154 cuius
281 2118 369 2153 anni
386 2120 444 2150 5561
455 2115 681 2155 Decembris
696 2115 891 2155 Christum
910 2124 1044 2163 natum
1064 2119 1209 2171 primus
1226 2119 1402 2155 omnium
1422 2119 1598 2170 opinatus
1614 2115 1685 2159 est,
1706 2119 1757 2154 ita
1770 2127 1813 2154 ut
1825 2128 1984 2169 magnus

161 2171 220 2209 ille
231 2171 354 2222 cyclus
364 2184 466 2210 anno
477 2184 556 2210 uno
570 2184 788 2211 anteuertat
798 2171 964 2221 natalem
982 2171 1123 2212 Christi
1135 2172 1424 2226 Dionyfianum.
1456 2171 1547 2211 Ideo
1564 2171 1613 2210 ad
1627 2169 1858 2209 methodum
1874 2169 1985 2210 huius

158 2240 306 2280 magnae
325 2225 471 2280 periodi
486 2240 555 2281 per
567 2228 733 2282 regulam
747 2239 971 2282 perpetuam
983 2228 1088 2267 iubet
1100 2231 1287 2268 unitatem
1303 2232 1410 2266 annis
1426 2226 1566 2267 Christi
1579 2226 1678 2265 addi.
1693 2225 1856 2280 Qodfi
1871 2225 1987 2266 Chri„

123 2287 125 2291 ⁴
157 2281 253 2320 stum
270 2281 428 2335 putaslet
446 2294 579 2321 natum
594 2286 633 2320 in
650 2283 859 2322 Decembri
872 2284 966 2321 illius
983 2287 1093 2327 anni,
1112 2287 1153 2321 in
1170 2297 1249 2336 quo
1263 2283 1440 2322 currebat
1458 2295 1589 2321 aureus
1604 2292 1782 2321 numerus
1799 2285 1868 2324 κῆ,
1893 2286 1984 2322 anni

120 2358 122 2361 v
159 2338 298 2376 Christi
312 2350 378 2392 per
388 2342 440 2371 κῖΐ(
459 2336 563 2375 diuisi
581 2336 727 2392 semper
744 2342 844 2376 aurei
865 2343 1013 2376 numeri
1034 2352 1167 2376 verum
1190 2351 1337 2376 annum
1357 2336 1492 2377 darent
1502 2356 1515 2381 ,-
1539 2336 1614 2376 fine
1633 2337 1842 2377 adieffione
1864 2342 1986 2377 unita-

159 2398 220 2434 tis,
250 2397 315 2445 qui
327 2392 377 2432 est
402 2405 577 2431 numerus
598 2395 787 2432 annorum
808 2391 948 2432 Christi
967 2392 1195 2432 Eusebianus
1219 2407 1297 2433 uno
1312 2406 1416 2433 anno
1435 2393 1713 2447 Dionyfianum
1730 2406 1981 2434 anteuertens.

158 2449 243 2487 Nos
261 2449 368 2486 huius
382 2448 525 2502 periodi
535 2462 680 2502 magnae
690 2449 928 2502 Dionysianae
944 2455 982 2487 δε
993 2449 1231 2488 Tabulam&
1242 2451 1464 2504 exemplum
1479 2450 1754 2489 construximus
1764 2450 1859 2489 libro
1873 2465 1984 2504 quar-

159 2515 199 2542 to
207 2503 254 2542 de
265 2503 569 2557 Emend.Temp.
580 2504 695 2558 quem
708 2504 796 2544 visas
812 2503 1012 2543 licet.Haec
1024 2518 1116 2543 vero
1129 2504 1278 2544 Tabula
1297 2518 1381 2543 non
1395 2505 1442 2544 ab
1455 2509 1561 2544 annis
1582 2506 1723 2543 Christi
1734 2509 1881 2560 incipit,
1890 2507 1951 2545 led
1962 2521 1983 2545 a

158 2562 282 2614 primo
293 2573 394 2598 anno
403 2560 549 2615 periodi
558 2561 769 2599 Iiilianae.Et
782 2572 910 2598 tamen
922 2558 1055 2597 eadem
1069 2559 1121 2598 est
1130 2559 1351 2603 methodus,
1363 2560 1466 2599 idem
1483 2559 1621 2602 usus‚ut
1630 2572 1736 2614 patet
1749 2575 1795 2600 ex
1811 2563 1982 2601 Canoni-

130 2635 135 2638 ,
149 2616 238 2659 bus,
252 2618 423 2669 excepto,
437 2615 543 2669 quod
558 2615 605 2654 de
622 2620 728 2653 annis
743 2614 891 2668 periodi
909 2614 1057 2653 Iuliana?
1068 2619 1237 2669 primum
1249 2615 1460 2665 abijcienda
1479 2614 1561 2654 sunt
1576 2629 1677 2666 4712
1694 2615 1741 2654 ad
1753 2616 1984 2656 methodum

108 2683 112 2687 ’
159 2671 303 2725 periodi
315 2671 649 2725 Dionyliaiiae‚qiiae
663 2674 701 2708 in
713 2670 811 2709 libris
823 2670 871 2710 de
884 2669 1258 2726 Emend.Tempor.a
1267 2670 1378 2711 nobis
1388 2671 1509 2727 posita
1522 2672 1582 2710 est.
1603 2672 1666 2711 Ad
1675 2672 1906 2712 methodum
1919 2687 1983 2712 au-

159 2739 236 2764 tem
248 2727 357 2770 huius,
370 2740 546 2765 numerus
560 2730 733 2780 proxime
744 2730 870 2766 minor
882 2739 927 2764 ex
939 2725 1085 2766 Tabula
1096 2730 1118 2761 fi
1135 2728 1380 2776 abijciendus.
1407 2728 1464 2767 Ex
1485 2729 1648 2767 Canone
1664 2732 1695 2763 v‘1
1716 2740 1824 2781 potes
1843 2727 1983 2768 discere

138 2799 142 2803 ·
162 2795 274 2834 quare
286 2796 307 2821 a
316 2784 422 2821 nobis
436 2782 461 2820 F
464 2782 629 2830 oecunda
637 2794 812 2826 vocetur,
827 2785 1008 2822 nimirum
1016 2788 1104 2838 quia
1115 2797 1191 2822 una
1200 2797 1315 2838 opera
1326 2796 1517 2838 utrunque
1531 2784 1703 2838 Cyclum‚
1717 2783 1981 2829 hidiffloneni,

133 2836 137 2839 Δ
161 2850 301 2876 annum
318 2837 583 2877 Hebdomadis
594 2837 826 2883 re'miffionis‚
839 2838 1068 2879 Terminum
1081 2839 1310 2883 Paschalem,
1332 2840 1581 2879 Dominicam
1604 2838 1895 2879 Resurrefflonis
1910 2840 1978 2880 do-

114 2905 116 2908 ·
132 2890 230 2931 ·¹cet.
265 2893 396 2932 Graecc
411 2892 530 2947 poffet
546 2897 671 2932 vocari
685 2893 876 2948 πάγχρηςης
889 2907 1050 2950 propter·
1068 2895 1319 2951 multiplicem
1335 2894 1441 2935 usum
1453 2923 1463 2940 ‚
1481 2895 1688 2934 cuiufinodi
1704 2895 1878 2951 quaedarn
1897 2895 1981 2946 sunt

120 2969 122 2972 ·
159 2946 357 2998 {pin-mem
372 2949 559 3000 m'yxpnqca
582 2948 629 2987 ad
643 2953 741 2988 varia
755 2951 877 2990 ulcera
895 2951 1167 2992 accommodae.
1201 2952 1341 3006 Neque
1355 2966 1446 2992 vero
1465 2951 1718 2991 dubitandum
1732 2951 1842 2990 huius
1859 2956 1980 2991 maxi-

161 3016 269 3041 mum
285 3016 306 3041 u
323 3018 388 3042 um
403 3002 474 3043 effe
491 3007 530 3042 in
541 3004 690 3044 historia
701 3020 721 3044 a
737 3005 867 3046 saeculo
882 3007 1051 3061 Dionyfij
1064 3009 1207 3063 Exigui‚
1219 3006 1422 3063 praesertim
1429 3008 1493 3047 ubi
1509 3007 1556 3047 de
1570 3008 1822 3047 celebratione
1840 3007 1981 3048 P‘ascha

111 3068 114 3072 ·
162 3063 291 3116 agitur.
325 3059 422 3098 Vide
433 3058 615 3114 infignem
626 3060 753 3100 locum
766 3062 933 3103 Cedreni
942 3066 981 3101 in
995 3077 1133 3118 quarto
1148 3064 1209 3103 lib.
1224 3063 1271 3103 de
1280 3063 1440 3103 Emend.
1474 3064 1615 3117 Temp.
1636 3064 1699 3102 ubi
1711 3067 1832 3118 agitur
1843 3062 1892 3103 de
1910 3064 1979 3104 Pa-

164 3113 273 3152 lcliali
286 3114 536 3154 celebratione
549 3116 695 3155 turbata
706 3131 805 3158 anno
821 3117 962 3159 Christi
975 3121 1076 3163 Sim,
1097 3119 1244 3175 periodi
1259 3121 1407 3159 Iulianae
1431 3133 1494 3170 525
1500 3134 1537 3164 9.
1570 3119 1772 3158 Terminus
1795 3119 1978 3159 Paschalis

162 3182 241 3208 erat
263 3170 342 3208 Kal.
377 3171 465 3226 Apr.
493 3170 553 3210 die
577 3172 793 3214 Dominica.
827 3174 918 3213 Ideo
942 3173 1148 3214 secundum
1167 3189 1390 3230 perpetuam
1413 3175 1601 3229 regulam,
1622 3174 1825 3215 celebratio
1839 3176 1979 3216 Domi-

163 3229 256 3264 nicae
282 3225 567 3266 Resurreffionis
590 3229 804 3278 traijc'ienda
828 3234 866 3269 in
885 3230 1039 3269 alteram
1057 3235 1273 3286 proximam
1297 3233 1566 3275 Dominicam,
1595 3245 1736 3286 nempe
1758 3235 1814 3268 iffi
1827 3233 1977 3287 Aprilis,

163 3281 489 3334 quemadmodum
514 3283 608 3339 Imp.
629 3284 845 3325 Iustinianus
861 3285 1037 3325 edixerat.
1072 3287 1238 3341 Populus
1256 3300 1346 3327 vero
1364 3290 1513 3342 putauit
1526 3286 1666 3326 Pascha
1682 3286 1766 3341 ipsis
1787 3288 1978 3332 Kalendis,

161 3336 240 3391 ipso
263 3336 447 3377 Termino
456 3338 730 3379 celebrandurn.
759 3342 850 3382 Ideo
863 3345 1030 3397 primum
1043 3342 1146 3381 diem
1162 3346 1285 3392 ieiunij
1302 3346 1410 3381 iniuit
1432 3347 1500 3378 ᾗῑῖι
1524 3343 1722 3393 Februarij.
1757 3343 1831 3384 Sed
1844 3358 1977 3398 paren-

162 3393 254 3430 dum
272 3406 349 3431 etat
364 3393 485 3432 edicto
504 3394 694 3450 Principis.
754 3398 885 3452 Itaque
905 3401 1084 3437 ieiunauit
1103 3398 1183 3449 μίαν
1208 3393 1395 3447 ἑβδομάδα,
1409 3397 1576 3448 πμθὶιύ.
1593 3399 1698 3439 Nam
1714 3404 1821 3438 affl-ii
1839 3400 1976 3439 Febru-

159 3451 242 3497 arij,
274 3448 386 3486 adVffi
406 3450 554 3505 Aprilis,
581 3449 657 3490 dies
677 3449 759 3491 sunt
774 3459 843 3492 ιΤυε
865 3467 984 3508 quum
1006 3466 1135 3493 tamen
1161 3453 1240 3493 satis
1264 3453 1353 3493 esset
1370 3454 1561 3494 ordinario
1581 3459 1720 3495 ieiunio
1738 3455 1975 3493 interuallum

161 3504 306 3543 dierum
332 3508 417 3542 iffi.
466 3505 643 3561 Experire
668 3520 713 3546 ex
744 3509 931 3549 methodo
954 3510 1063 3549 huius
1088 3511 1245 3563 Capitis.
1283 3509 1344 3548 Ab
1360 3513 1465 3548 annis
1500 3523 1513 3560 ς
1531 3526 1551 3549 2
1564 3524 1579 3561 5
1589 3525 1612 3556 9
1640 3511 1784 3549 abiecto
1814 3522 1974 3548 numero

162 3563 332 3613 proxime
355 3565 504 3599 minore
535 3561 630 3611 47'8
645 3563 677 3605 8,
713 3562 900 3603 residuum
931 3578 956 3611 4
969 3581 994 3615 7
1009 3580 1021 3603 1
1062 3569 1207 3619 reperio
1238 3565 1302 3604 sub
1328 3564 1479 3604 frontali
1507 3570 1553 3604 >W
1565 3594 1574 3610 ,
1608 3581 1629 3607 e
1649 3571 1802 3619 regione
1829 3567 1977 3603 numeri

1246 3622 1339 3676 Q
1818 3618 1974 3657 lateralis
