2366 4040
640 276 1428 334 PROLEGOMENA.

78 398 79 401 ,
122 376 243 420 quum
252 359 329 402 duo
338 390 346 404 ,
360 372 423 400 aut
437 373 510 401 tres
525 360 670 400 menses
681 360 730 400 de
739 363 841 400 anno
855 357 1006 397 labente
1023 372 1094 413 pro
1102 363 1188 399 toto
1199 372 1301 398 anno
1309 370 1331 396 a
1340 354 1534 412 Scriptura
1542 349 1776 411 usurpentur.
1812 358 1945 412 Itaque

115 421 201 460 illos
211 431 283 457 tres
291 417 433 456 menses
443 420 568 472 potius
577 420 744 471 primum
753 426 897 455 annum
906 413 1070 454 Sedekiae
1077 414 1248 458 vocasset,
1261 417 1533 468 quaminitium
1541 417 1647 467 regni
1656 412 1831 453 Sedekiae.
1862 415 1926 452 De
1939 441 1943 445 ⁴

119 479 237 529 nique
254 478 429 514 omnium
443 473 692 511 firmissimum
699 483 967 527 argumentum
978 497 989 514 ‚
1009 472 1134 524 quod,
1147 471 1173 509 si
1185 475 1224 509 in
1235 470 1387 509 historia
1403 468 1594 508 Iechoniae
1603 469 1773 522 conuetfio
1785 474 1874 509 anni
1893 469 1942 508 de

119 545 238 573 verno
249 529 688 583 cardine-intelligeretur,
699 528 774 567 sine
782 527 899 566 dubio
909 527 1079 580 apposita
1088 525 1208 565 fuiss'et
1221 524 1466 580 nota‚qua7ido
1474 540 1566 579 reges
1573 524 1620 562 ad
1627 524 1943 580 bellumprofhrflio-

118 603 199 628 nem
203 596 394 643 parantum
400 588 440 623 in
449 585 600 624 historia
607 583 765 622 Dauidis
774 581 1024 626 fae'tumelh&
1033 581 1116 620 sane
1124 582 1186 620 hic
1204 594 1424 637 opportune
1432 582 1561 621 locum
1572 581 1696 619 habeb
1702 586 1839 634 anquia
1849 595 1945 620 tune

120 640 537 684 aNabuchodonosoro
555 638 746 694 expeditio
759 642 800 676 in
815 637 1036 676 Iechoniam
1052 637 1145 677 fac'ta
1157 638 1219 677 est.
1254 636 1542 677 Concludamus
1563 641 1689 691 igitur,
1704 636 1824 688 κέντρρι
1841 649 1944 677 vete-

119 714 205 739 rum
222 699 482 738 Hebraeorum,
493 709 574 749 quae
581 695 657 733 fine
667 694 739 732 ulla
746 692 1002 734 controuersia
1012 693 1164 733 fuerunt
1177 693 1322 736 eadem,
1335 706 1417 746 quae
1429 691 1698 732 Chaldaeorum
1708 720 1719 737 ,
1738 693 1943 736 Persarum,

122 762 160 794 δέ
184 755 405 794 Graecorum
423 779 435 796 ,
452 765 533 790 non
547 762 626 788 tam
644 747 787 800 fflfflpi]
807 762 849 788 ut
864 748 980 789 hodie
993 777 1004 794 ,
1021 764 1137 804 quam
1160 751 1270 799 Πξιψζι
1288 753 1431 804 Πῖἓῑῐῑῗῃ
1455 748 1552 787 dieta
1566 747 1680 788 fuisse.
1711 749 1808 788 Haec
1824 749 1945 804 sipro‘«

120 813 245 867 pheris
258 823 339 848 non
357 807 585 861 probantur,
604 806 657 845 est
670 805 778 859 quod
799 805 996 859 impendio
1014 810 1131 860 magis
1147 802 1390 859 gaudeamus.
1425 802 1533 844 Nihil
1553 802 1656 843 enirn
1671 819 1804 844 eorum
1819 805 1945 844 obtre-

119 870 270 907 ctationi
290 866 541 918 opportunius
560 862 628 904 est,
647 876 764 915 quam
775 860 882 916 quod
899 860 1005 916 supra
1016 875 1150 901 eorum
1167 873 1323 914 captum
1339 861 1401 900 est.
1432 860 1562 913 Itaque
1580 875 1699 914 quum
1709 861 1790 900 haec
1805 861 1942 901 nobilis

117 923 269 977 quaestio
279 925 377 958 inter
385 917 623 957 scribendum
637 931 724 956 nata
732 917 792 960 sit,
802 930 884 956 non
895 921 1031 957 veritus
1043 916 1123 956 sum
1134 913 1382 956 eaacandidis
1395 919 1553 970 ingenijs
1564 921 1738 970 gratiam,
1756 933 1778 955 a
1796 918 1942 957 Cerco—

118 978 276 1034 pithecis
291 975 424 1015 odium
439 980 476 1019 δέ
485 974 673 1023 inuidiam*
678 977 886 1029 promereri
897 1001 905 1014 ‚
919 972 1121 1028 praesertim
1131 986 1251 1026 quum
1260 971 1326 1011 iste
1342 972 1516 1011 Simiolus
1531 984 1795 1026 tamproterue
1804 974 1864 1012 illa
1871 972 1942 1012 κέν-

117 1052 182 1084 ται
197 1031 399 1071 insectetur.
427 1031 522 1069 Haec
532 1029 893 1084 suntpaucissimade
903 1030 1040 1072 multis,
1051 1043 1133 1083 quae
1143 1027 1347 1084 sparsimex
1355 1028 1448 1066 illius
1456 1027 1655 1082 prophetae
1671 1029 1847 1069 abortiuo
1871 1028 1941 1068 foe-

117 1103 158 1129 tu
171 1087 348 1143 decerpsi.
379 1087 483 1127 Nam
491 1099 618 1126 totum
629 1086 766 1125 librum
776 1098 818 1124 ut
825 1086 1067 1139 perlegerem,
1081 1097 1280 1138 nunquam
1290 1084 1384 1122 mihi
1392 1087 1576 1138 imperare
1584 1087 1693 1138 potui
1703 1114 1711 1129 ,
1723 1089 1881 1139 quanuis
1898 1089 1938 1125 in

116 1151 191 1185 cius
209 1146 366 1183 leui-one
377 1146 474 1182 varie
488 1140 637 1181 affefitus
646 1140 716 1185 fui,
730 1155 832 1179 nunc
839 1140 1034 1194 voluptate
1044 1167 1055 1184 ,
1069 1154 1190 1193 quum
1199 1152 1279 1178 tam
1290 1140 1468 1179 iocularia
1483 1144 1520 1177 &
1531 1144 1686 1179 mimica
1701 1145 1740 1179 iu
1750 1155 1796 1180 eo
1807 1155 1940 1180 occur-

115 1213 260 1244 rerent,
272 1199 391 1238 modo
405 1197 654 1237 admiratione
668 1201 705 1235 δε
716 1195 935 1239 stomacho,
954 1208 1075 1249 quum
1093 1207 1240 1234 tantam
1250 1195 1417 1235 hominis
1435 1193 1709 1235 confidentiam
1725 1212 1815 1236 cum
1830 1210 1939 1236 tanto

114 1260 241 1297 aliena:
257 1255 440 1294 industriae
454 1265 682 1306 contemptu
691 1257 727 1290 ὃς
738 1252 975 1291 aemulatione
989 1253 1233 1291 coniunAEtam
1248 1251 1427 1292 viderem.
1450 1251 1592 1304 ltaque
1604 1252 1749 1291 tametsi
1763 1267 1827 1293 me
1837 1254 1941 1291 offic»-

113 1308 246 1365 ηξεφίοι
265 1310 522 1349 illaaleffione
541 1319 708 1347 auertere
720 1312 861 1362 potuit,
883 1308 1013 1346 tamen
1027 1311 1220 1362 praeteritae
1242 1308 1371 1347 saltem
1388 1306 1646 1347 oblectationis
1665 1309 1877 1348 recordatio
1893 1307 1942 1348 ad

114 1384 198 1408 cam
207 1382 269 1406 me
279 1378 453 1405 reuocare
469 1363 720 1418 debuitxquod
732 1368 857 1418 potius
869 1364 944 1412 alijs
957 1364 1214 1416 relinquimus,
1224 1362 1322 1416 quifi
1334 1364 1481 1402 nullum
1489 1363 1650 1402 fruetum
1660 1377 1706 1403 ex
1721 1376 1799 1402 tam
1816 1366 1944 1418 porte-

116 1424 197 1464 toso
213 1436 326 1477 opere
341 1421 483 1476 sperate
494 1418 657 1474 possunt,
675 1423 744 1458 erit
761 1419 1021 1462 nihilominus,
1035 1414 1142 1471 qu'od
1155 1417 1275 1456 ridere
1284 1417 1441 1472 possint,
1454 1424 1492 1456 δε
1503 1423 1702 1470 animuma
1709 1420 1943 1475 grauioribus

115 1484 210 1520 curis
222 1478 384 1517 reficere.
415 1478 554 1530 Neque
569 1490 657 1515 vero
667 1472 795 1514 c'aussae
810 1475 874 1518 est,
883 1488 949 1513 cur
961 1487 1043 1513 non
1054 1473 1103 1512 illi
1113 1477 1247 1528 gratias
1263 1487 1393 1527 agam,
1405 1472 1512 1526 quod
1521 1473 1726 1528 postquam·
1737 1473 1805 1514 sese
1814 1489 1944 1537 parem

113 1550 203 1576 curn
216 1534 412 1573 Aristotele
422 1531 645 1587 composuit,
657 1545 703 1570 eo
712 1532 826 1572 vitto,
842 1543 905 1569 me
912 1528 1123 1569 secutorem
1136 1529 1326 1584 delegerit.
1358 1528 1488 1583 Qod
1506 1542 1608 1568 certe
1624 1536 1706 1570 non
1715 1529 1866 1574 fecisset,
1878 1532 1946 1570 nisi

114 1604 221 1631 tanto
233 1584 438 1629 aduersario
451 1588 636 1631 coniecto,
648 1600 710 1625 me
720 1600 876 1640 quoque
887 1585 1048 1640 dignum
1059 1583 1252 1625 censuisset
1261 1615 1270 1628 ,
1284 1588 1349 1638 qui
1359 1585 1490 1624 dextra
1507 1590 1584 1624 eius
1593 1585 1781 1626 caderem.
1814 1587 1943 1627 Audio

112 1652 215 1688 enim
233 1660 320 1685 eum
330 1640 503 1699 quaedam
519 1641 689 1682 aduersus
710 1641 987 1697 Philosophum
1003 1640 1193 1697 scripsisse,
1209 1641 1421 1695 eademque
1436 1639 1613 1681 felicitate
1633 1642 1840 1684 Aristotelis
1860 1644 1944 1684 scri<

112 1717 178 1759 pta
194 1700 399 1742 confutasse
410 1729 421 1745 ,
435 1715 510 1754 qua
523 1700 658 1739 nostra.
692 1700 810 1739 Certe
825 1702 890 1752 qui
904 1699 1095 1753 legerunt,
1114 1697 1250 1738 eadem
1264 1697 1460 1751 voluptate
1471 1725 1482 1742 ‚
1499 1697 1716 1753 eodemque
1730 1699 1941 1742 stomacho,

113 1775 191 1813 quo
209 1773 278 1798 nos
298 1758 401 1796 hunc
415 1756 649 1812 postremum
666 1754 805 1793 foetum
816 1755 991 1808 legimus,
1010 1753 1069 1792 illa
1081 1753 1252 1793 aduersus
1272 1752 1422 1802 Philoso
1442 1754 1548 1793 'hum
1559 1753 1593 1794 se
1608 1753 1733 1809 legisse
1750 1756 1941 1795 testantur.

114 1818 211 1855 Sanc
222 1828 312 1854 auro
328 1825 462 1852 contra
478 1819 608 1873 cariam
622 1823 703 1849 non
717 1810 910 1850 haberem,
924 1809 1127 1850 hominem
1141 1809 1268 1849 videre
1279 1838 1288 1852 ‚
1312 1808 1337 1847 si
1349 1768 1505 1862 quidem
1516 1822 1624 1850 tanto
1643 1810 1793 1851 honore
1808 1812 1944 1867 dignus

113 1871 193 1910 sim.
228 1870 334 1909 Nam
354 1867 497 1921 quitali
513 1870 668 1920 ingenio
691 1864 866 1919 praeditus
890 1864 952 1908 sit,
974 1868 1077 1904 cuius
1093 1864 1208 1905 fimile
1225 1864 1371 1904 nullum
1392 1863 1509 1904 hodie
1525 1864 1671 1920 uspiam
1689 1881 1814 1907 extare
1832 1881 1943 1923 puto,

112 1930 192 1966 eius
203 1925 382 1964 vultuma
398 1935 620 1962 caeterorum
642 1921 859 1961 mortalium
879 1919 997 1975 figura
1016 1921 1182 1960 multum
1191 1920 1396 1976 discrepare
1418 1919 1563 1961 necesse
1582 1923 1645 1961 est.
1672 1920 1820 1977 Qidfi
1836 1938 1884 1962 ne
1904 1924 1947 1962 si<

112 1982 220 2023 miles
237 1979 392 2034 quidem
414 1988 588 2033 parentes
603 2006 614 2022 ,
632 1975 839 2019 cuiusmodi
855 1981 978 2016 caereri
993 1977 1170 2016 homines
1185 2005 1197 2022 ,
1214 1977 1332 2016 habet
1346 2005 1357 2022 ,
1377 1991 1419 2017 ut
1430 1978 1490 2017 ille
1507 1978 1692 2018 Merlinus
1703 2009 1712 2022 ‚
1733 1984 1859 2034 quiex
1872 1979 1947 2020 dx-

113 2051 232 2078 mone
246 2035 338 2075 satus
353 2034 513 2074 dicitur?
535 2035 652 2074 Certe
671 2041 709 2073 &
723 2033 789 2072 iste
805 2047 959 2088 quoque
970 2060 980 2077 ‚
997 2046 1039 2072 ut
1054 2033 1258 2078 Merlinus,
1271 2034 1463 2089 propheta
1477 2034 1545 2077 est,
1563 2040 1600 2073 δι
1618 2034 1772 2074 Merlini
1787 2050 1840 2091 po
1872 2037 1949 2075 ula-

113 2097 161 2135 tis
172 2121 183 2138 ‚
198 2098 234 2131 &
247 2091 365 2131 multa
380 2104 470 2130 cum
484 2089 652 2130 Merlino
666 2093 888 2130 communia
901 2090 1029 2128 habet.
1059 2089 1151 2129 Ideo
1167 2104 1248 2130 non
1264 2104 1397 2141 vereor
1415 2090 1560 2135 dicere,
1572 2091 1630 2131 vel
1640 2091 1794 2130 Merlini
1809 2049 1948 2131 εἴςωλον

112 2147 195 2192 effe,
206 2148 265 2189 vel
274 2147 481 2186 Merlinum
491 2144 622 2200 ipsum.
651 2148 719 2189 En,
734 2145 884 2184 candidi
895 2146 1059 2188 leetores,
1073 2145 1296 2199 quibuscum
1308 2146 1418 2185 nobis
1436 2161 1490 2185 res
1508 2147 1569 2190 est,
1585 2146 1659 2185 fiue
1667 2147 1858 2192 homines,
1869 2141 1947 2186 siue

112 2205 187 2245 alio
204 2208 361 2244 nomine
378 2201 540 2242 vocandi
557 2199 650 2240 sunt.
677 2201 878 2254 quomodo
896 2205 1000 2240 enim
1019 2202 1226 2256 appellem,
1247 2201 1384 2242 nescio.
1419 2202 1626 2256 Postquam
1641 2204 1781 2242 multos
1795 2204 1942 2243 labores

115 2260 384 2301 exantlauimus
397 2286 408 2302 ‚
430 2270 614 2312 magnum
632 2258 782 2311 pelagus
803 2261 926 2297 omnis
945 2256 1091 2311 generis
1106 2252 1331 2312 scriptorum
1355 2257 1618 2297 tranfinifimus
1634 2285 1646 2301 ‚
1671 2272 1831 2298 omnem
1847 2263 1943 2298 antia

114 2320 264 2372 quitatis
285 2318 511 2354 memoriam
534 2312 784 2353 consuluimus
804 2341 814 2357 ,
833 2326 875 2352 ut
894 2313 1084 2352 literarum
1107 2313 1233 2363 studijs
1256 2314 1421 2367 aliquam
1441 2314 1566 2353 lucem
1582 2343 1591 2357 ‚
1617 2309 1785 2354 studiosis
1801 2315 1944 2369 aliquid

114 2374 279 2412 utilitatis
288 2370 497 2411 adferamus
507 2397 517 2413 ‚
529 2370 690 2409 existunt
703 2368 883 2414 scarabaei,
895 2367 1036 2410 simioli‚
1048 2369 1203 2426 καθαροὶ,
1218 2371 1429 2424 prophetae,
1446 2369 1607 2409 abortiui
1620 2369 1836 2410 chartarum
1848 2385 1942 2411 con*

116 2429 378 2468 scribellatotes
393 2454 404 2471 ,
419 2430 483 2480 qui
498 2440 580 2480 qua:
598 2440 796 2480 nunquam
812 2426 984 2480 legerunt
999 2453 1011 2470 ,
1026 2440 1193 2480 quorum
1207 2439 1256 2464 ne
1275 2425 1374 2464 odor
1392 2425 1549 2479 quidem
1562 2440 1698 2465 eorum
1712 2428 1864 2466 naribus
1879 2442 1940 2467 ac-

117 2484 257 2525 ciderat
270 2511 280 2528 ,
299 2483 478 2527 trihorio,
492 2486 616 2537 primo
634 2482 757 2522 statim
772 2484 974 2522 oculorum
992 2483 1164 2521 coniectu
1180 2511 1189 2524 ,
1210 2495 1292 2521 non
1305 2480 1425 2521 solum
1441 2480 1474 2520 se
1489 2496 1531 2520 ea
1547 2479 1685 2535 assequi
1705 2495 1860 2536 putant,
1879 2482 1946 2523 sed

117 2543 232 2580 etiam
249 2539 283 2578 se
298 2553 431 2580 eorum
450 2541 616 2590 auetores
636 2538 889 2593 profitentur„
909 2540 1048 2591 Qam
1061 2537 1301 2578 confidenter
1317 2537 1382 2575 iste
1400 2537 1447 2575 de
1465 2535 1622 2590 Harpali
1637 2538 1892 2582 Ocueteride,
1906 2544 1945 2577 δε

116 2597 205 2636 loco
222 2597 356 2635 Auieni
372 2595 465 2634 Festi
477 2623 487 2640 ‚
498 2595 546 2634 de
558 2595 728 2634 Metonis
746 2592 1107 2633 enneadecaeteride
1115 2601 1328 2647 argutatur?
1344 2593 1500 2630 Diceres
1518 2606 1599 2630 non
1613 2594 1811 2645 primumn
1830 2594 1941 2633 nobis

117 2645 310 2691 etenebris
324 2664 448 2695 eruta,
462 2646 523 2691 sed
536 2665 670 2690 eorum
684 2649 805 2704 ip'sum
822 2660 1022 2703 parentem
1041 2645 1121 2685 esse.
1154 2650 1257 2701 Qis
1276 2648 1589 2699 aequinofflorum
1605 2647 1820 2702 Hipparchi
1842 2650 1944 2688 elen-

116 2708 235 2748 chum
256 2707 425 2763 eitposuit
442 2712 531 2745 ante
546 2715 636 2745 nos?
654 2706 701 2743 Et
712 2718 859 2747 tamen,
877 2706 963 2756 quia
980 2702 1045 2740 iste
1061 2702 1113 2740 est
1134 2703 1340 2756 propheta,
1360 2702 1437 2741 hoc
1455 2702 1599 2742 anobis
1616 2717 1698 2741 non
1711 2703 1860 2749 didicit,
1881 2703 1944 2746 sed

117 2763 298 2818 praeuidit.
329 2764 392 2803 De
405 2761 601 2815 Tychonis
620 2760 741 2798 Brahe
751 2757 1034 2811 aeqtiinoetialib.
1051 2756 1374 2796 obseruationibus
1387 2756 1453 2795 nisi
1465 2771 1536 2812 ego
1547 2762 1690 2812 primus
1700 2757 1938 2803 monuissem,

118 2818 185 2858 nisi
195 2832 254 2857 eas
267 2816 470 2873 magnifico
482 2845 491 2860 ,
507 2820 561 2855 uti
576 2815 699 2857 debui,
709 2814 925 2853 testimonio
941 2812 1283 2857 commendassem,
1298 2817 1378 2866 quis
1388 2840 1398 2857 ‚
1417 2827 1499 2852 non
1516 2813 1641 2853 dicam
1649 2815 1859 2869 propheta,
1877 2815 1939 2857 sed

118 2874 228 2913 multi
239 2887 285 2912 ex
302 2876 359 2923 ijs‚·
381 2875 445 2926 qui
464 2868 729 2915 Mathematici
747 2869 922 2913 audiunt,
935 2868 1011 2908 hoc
1031 2867 1367 2907 animaduertisset?
1386 2867 1536 2908 Tamen
1555 2869 1618 2909 iste
1635 2869 1782 2910 videtur
1797 2876 1942 2926 primus

119 2930 198 2971 hoc
213 2928 391 2969 odoratus
405 2922 519 2966 fuisse.
554 2928 691 2981 Qam
705 2923 876 2964 audaeter
894 2924 941 2964 de
956 2924 1126 2979 syzygijs‚
1145 2924 1193 2964 de
1216 2923 1337 2964 modo
1355 2929 1444 2964 anni
1461 2925 1619 2965 Lunaris
1634 2924 1796 2966 disserit?
1813 2928 1939 2968 Ptole*

118 2989 221 3029 rnaei,
243 2984 426 3032 Albatenij
445 2981 578 3037 scripta
594 2987 633 3020 in
649 2981 818 3021 medium
830 2980 1026 3036 producit?
1039 2979 1196 3020 Diceres
1208 2981 1321 3025 nihil,
1336 2993 1470 3035 praeter
1486 2982 1742 3036 astrologiam,
1761 2981 1938 3024 traEtasse.

119 3042 299 3093 Denique
313 3039 453 3095 ubique
465 3038 612 3076 simium
627 3036 818 3092 agnoscas,
838 3035 901 3076 sed
916 3050 962 3075 ex
976 3050 1112 3076 eorum
1125 3041 1372 3091 genere‚qui,
1389 3051 1508 3091 quum
1520 3037 1681 3092 gestibus
1691 3069 1700 3081 ,
1711 3053 1755 3078 ac
1772 3040 1942 3080 motibus

118 3096 280 3137 ridiculis
295 3094 405 3132 heros
416 3092 497 3132 suos
511 3092 575 3132 diu
585 3093 837 3137 oblectarunt,
850 3092 979 3148 postea
995 3090 1196 3132 desultorio
1215 3094 1338 3132 calore
1348 3107 1482 3132 eorum
1498 3094 1671 3133 manibus
1683 3097 1826 3135 trattati
1837 3110 1942 3138 mor-

119 3151 331 3204 dent.Qae
339 3148 385 3188 de
393 3148 570 3188 industria
580 3149 713 3191 nostra,
720 3154 757 3187 δι’
765 3147 903 3204 scriptis
912 3148 1177 3197 sententiaeius
1187 3148 1238 3192 fit,
1244 3147 1323 3188 satis
1332 3162 1417 3188 toto
1430 3149 1640 3204 prophetiae
1651 3148 1719 3188 suae
1729 3151 1825 3191 libro
1831 3151 1942 3191 testa-

118 3222 204 3247 tum
214 3205 437 3260 reliquit.De
446 3203 519 3244 fide
527 3217 653 3259 autem
663 3203 755 3259 quid
764 3203 953 3248 sentiat,cx
962 3204 1032 3242 istis
1042 3203 1195 3243 iudicari
1201 3205 1336 3260 potest.
1342 3204 1485 3244 Verum
1497 3205 1733 3259 negat‚quod
1740 3204 1940 3252 diximus‚a

120 3265 308 3303 Samaritis
323 3261 478 3300 Garizin
494 3264 634 3300 montis
648 3260 779 3299 incolis
797 3272 930 3315 typum
943 3263 1031 3299 anni
1045 3258 1093 3298 ad
1104 3260 1300 3299 Samaritas
1323 3260 1590 3315 Aegyptienses
1606 3267 1809 3314 quotannis
1824 3268 1938 3303 mitti.

117 3319 325 3371 Postquam
332 3316 379 3356 de
388 3315 461 3355 fide
470 3316 595 3356 nostra
603 3329 682 3355 tam
691 3315 905 3371 praeclaram
912 3315 1106 3356 sentetiam
1115 3316 1208 3359 tulit,
1220 3317 1455 3356 luculentum
1466 3315 1685 3357 eruditionis
1697 3317 1765 3358 suae
1775 3319 1943 3361 testimo.

101 3415 102 3420 ,
117 3379 226 3415 nium
235 3372 443 3422 adijcit.N6
452 3384 599 3411 veretur
606 3371 782 3416 deierare,
790 3386 877 3411 eum
887 3385 1032 3428 typum,
1044 3385 1161 3425 quem
1173 3373 1361 3411 Samaritae
1371 3371 1636 3426 Aegyptienses
1647 3374 1740 3413 mihi
1749 3375 1941 3422 miserunt,

117 3431 169 3470 ad
175 3443 318 3469 annum
331 3427 470 3468 Christi
480 3435 578 3479 1576
586 3432 924 3482 pertinere‚non‚ut
933 3442 1003 3468 nos
1011 3430 1162 3466 mentiti
1172 3426 1309 3472 sumus,
1318 3427 1366 3466 ad
1376 3441 1520 3470 annum
1532 3442 1565 3479 15
1574 3429 1636 3477 84.
1660 3431 1776 3470 Certe
1786 3446 1946 3472 neome-

119 3490 182 3525 nia
188 3491 263 3524 eius
274 3484 450 3537 anni,que
459 3482 626 3523 mensem
636 3483 800 3522 Dulhaia
806 3497 956 3528 vocant,
967 3488 1123 3539 ponitur
1132 3481 1222 3523 feria
1229 3482 1590 3538 secundm-sequente
1600 3490 1718 3534 tertia,
1724 3487 1826 3527 Adar
1837 3489 1940 3527 Sola-

121 3544 168 3596 ris
181 3542 397 3582 Samaritani
406 3539 813 3595 Hipparcheisexta:ita
819 3552 861 3580 ut
868 3542 959 3581 eoru
971 3538 1074 3580 Adar
1086 3539 1217 3580 Solaris
1226 3539 1343 3581 hodie
1352 3542 1453 3579 ineat
1462 3554 1508 3579 ex
1518 3555 1549 3580 a.
1563 3540 1597 3581 d.
1611 3544 1666 3578 ῐῑῖῖ
1677 3542 1756 3581 Kal.
1767 3544 1936 3583 Martias:

1465 3596 1492 3621 ’κ
1524 3595 1551 3623 ³1⁶
1605 3598 1642 3646 ii)
1880 3601 1942 3638 cui
