2366 4040
623 238 963 281 CHRO

240 317 766 359 IND12cT‘1oNE
821 311 915 351 111.

433 391 620 457 Bafiliosblo
635 401 665 432 C
663 392 712 445 ff

132 488 238 528 Urbs
250 487 351 539 regia
363 479 431 539 per
450 496 514 523 xi„
545 477 761 521 continuos
779 480 863 519 dies
875 475 1022 535 arssiduo

184 556 285 596 terre
297 555 404 581 motu
416 537 583 590 quaffata
596 536 832 588 magnopere
844 533 917 572 sele
932 532 1024 572 affli-

186 599 244 639 &a
257 595 468 650 deplanxit.
500 593 635 632 Ambae
645 589 889 630 Troadenles
904 589 1026 641 porti-

186 667 252 694 cus
272 658 520 692 corruerunt,
541 648 751 699 aliquantae
774 644 945 686 ecclefiae
964 643 1028 684 vel

186 707 297 748 sciffae
308 706 407 750 sunt,
421 705 487 742 vel
498 701 822 754 collapsae.Statua
834 701 1029 740 Theoso—

185 763 226 802 fii
240 761 366 813 magni
382 760 423 798 in
434 756 525 796 foro
537 757 662 797 Tauri
680 758 792 810 super
804 757 1030 796 cochlidem

185 818 405 857 columnam
418 812 540 867 polita
553 814 700 852 corruit
711 842 722 860 ‚
742 813 898 852 duobus
909 811 1033 851 forni-

185 872 293 912 cibus
304 869 477 924 ejusdem
489 867 677 921 collapsis,
710 869 832 908 Hunc
843 867 1034 907 formido-

184 926 307 967 losum
337 927 443 966 diem
476 924 653 976 Byzantii
691 923 886 962 celebrant
913 936 960 962 VI
982 936 1033 960 11.

187 983 276 1022 Cal.
290 981 490 1021 Oitobris.
511 980 584 1019 His
603 978 709 1018 Con:
740 976 1032 1031 Nepos,quem

187 1039 342 1077 dudum
376 1035 534 1076 Orestes
561 1035 725 1087 imperio
757 1034 1002 1072 abdicaverat
1022 1060 1033 1078 ,

187 1092 364 1134 Vmor-is
375 1096 411 1131 δε
424 1091 567 1131 Ovidae
577 1089 766 1128 comitum
780 1090 934 1128 suorum
946 1086 1032 1127 insi-

189 1149 274 1194 diis,
287 1147 386 1186 haud
397 1147 516 1199 longe
526 1150 547 1184 iz
558 1144 800 1199 Salonis2sua
809 1146 848 1183 in
864 1143 953 1183 villa
964 1157 1032 1183 oc-

188 1210 286 1244 ellus
298 1202 363 1241 est.

244 1305 771 1357 INDICTJONE
829 1301 940 1361 IV„

416 1385 651 1440 ¹Placidosblp
661 1385 735 1439 Cos?

135 1476 416 1517 Theodericus
436 1475 580 1516 Triarii
600 1474 702 1515 filius
714 1488 784 1514 rex
807 1475 1035 1516 Gothorum

186 1532 343 1572 adscitis
357 1531 571 1585 suis‘usque
584 1531 634 1570 ad
655 1530 873 1581 Anaplum,
895 1544 1037 1585 quarto

188 1589 292 1627 urbis
304 1588 488 1627 milliario
505 1588 686 1626 advenit:
701 1586 794 1625 nulli
813 1598 942 1626 tamen
955 1588 1037 1627 Ro-

185 1656 389 1682 manorum
405 1643 549 1683 noxius
567 1641 761 1682 continuo
781 1642 950 1682 reversus
969 1643 1036 1683 est.

184 1697 308 1738 Porro
321 1703 358 1738 in
371 1699 572 1751 Illyricum
587 1711 816 1751 properans,
829 1699 923 1737 dum
937 1700 1038 1739 inter

186 1753 342 1793 suorum
363 1755 563 1794 moventia
574 1754 741 1806 plaustra
763 1756 1040 1807 progreditur,

186 1807 350 1859 jacentis
363 1809 478 1863 super
492 1820 724 1860 carpentum
745 1809 815 1847 teli
839 1814 1041 1858 acumine,

192 1868 230 1902 ὅτ
244 1864 485 1916 pavescentis
497 1864 590 1916 equi
604 1862 660 1901 sui
675 1862 907 1913 impulsione
918 1892 929 1909 ‚
942 1863 1042 1905 fixus

194 1917 599 1970 transverberatusque
611 1918 769 1955 interiit.
793 1917 1044 1959 Sabinianum

192 1985 380 2025 magnum
390 1987 493 2013 mors
505 2001 516 2019 ,
537 1985 627 2026 quae
639 1972 730 2011 huic
741 1973 924 2024 peccanti
936 1987 1044 2013 mun-

194 2029 251 2066 do
273 2029 411 2068 merito
432 2029 634 2073 imminet,
653 2029 740 2065 ante
763 2041 854 2066 eum
876 2028 1046 2078 ademit,

194 2083 313 2134 quzim
326 2084 520 2136 integrum
531 2079 755 2134 defatigatae
764 2083 857 2135 reip.
889 2082 1046 2124 sublidi-

195 2135 388 2178 urn'foret.

861 2237 914 2278 V.
930 2248 932 2250 ·

353 2329 387 2363 T
387 2324 524 2363 rocondo
536 2324 579 2370 ὠ
591 2326 755 2364 severino
765 2320 848 2377 Coffl

264 2241 799 2280 INDICTIONE

1024 238 1462 279 NICON.

1915 249 1964 287 45

1116 310 1338 351 officiorum
1353 340 1364 358 ‚
1386 322 1584 365 amputata
1598 310 1703 364 apud
1717 311 1964 352 Coniitatum

1116 367 1282 408 auricula
1296 397 1306 412 ,
1328 367 1536 407 Orientem
1558 368 1716 406 Zenoni
1736 368 1969 408 infestusin-

1119 421 1224 462 valit.
1268 425 1388 463 Porro
1407 437 1497 462 cum
1521 423 1694 462 Leontio
1718 424 1968 477 tyrannidem

1120 479 1294 531 arripuit.
1342 479 1490 518 Totam
1521 492 1690 531 namque
1708 493 1778 531 per
1797 479 1970 518 Africam
2009 497 2011 501 .

1123 535 1293 574 crudelis
1309 535 1500 574 Hunerici
1512 534 1800 574 Wandalorum
1816 535 1918 587 regis
1930 536 1971 574 in

1124 589 1276 628 nostros
1292 592 1526 630 catholicos
1539 589 1764 642 persecutio
1786 592 1972 643 ’προηλ-

1124 657 1162 684 ta
1174 644 1242 684 est.
1275 645 1383 685 Nam
1394 647 1573 692 exulatis,
1584 646 1859 700 diffugatisque
1872 644 1976 699 plus-

1127 713 1246 753 quam
1272 715 1510 741 cccxxxiv.
1535 701 1856 741 orthodoxorum
1887 702 1976 754 Epi-

1128 757 1255 808 scopis
1267 786 1278 804 ‚
1289 757 1535 810 ecclesiisque
1547 770 1681 796 eorum
1695 757 1822 797 clausis
1835 786 1845 804 ,
1867 758 1977 811 plebs

1128 810 1305 851 fidelium
1319 814 1431 852 variis
1442 812 1592 851 subatra
1603 812 1978 866 suppliciis,beatum

1128 865 1414 906 consummavit
1446 879 1627 919 agonem.
1681 868 1845 921 Nempe
1885 881 1979 908 tunc

1130 922 1235 960 idern
1251 934 1318 959 rex
1337 921 1580 968 Huneflcus,
1600 925 1714 963 unius
1727 925 1981 964 Catholicia-

1130 975 1504 1022 dolescentissvitam
1515 977 1536 1016 ἐι
1546 979 1747 1018 nativitate
1757 979 1821 1018 sua
1834 980 1910 1020 sine
1923 981 1982 1019 ul-

1129 1030 1171 1069 lo
1190 1030 1362 1070 sermone
1375 1032 1576 1080 ducentis,
1607 1033 1781 1087 linguam
1795 1036 1983 1088 proecepit

1131 1087 1278 1132 excidi,
1290 1087 1477 1139 idemque
1491 1100 1621 1128 mutus
1634 1091 1745 1143 quod
1760 1088 1836 1129 sine
1849 1090 1982 1130 huma-

1131 1154 1184 1180 no
1203 1142 1339 1180 auditu
1361 1142 1521 1182 Christo
1542 1145 1706 1184 credens
1729 1143 1811 1184 fide
1831 1145 1983 1185 didice-

1131 1207 1210 1244 rat,
1230 1211 1323 1236 mox
1337 1196 1492 1249 praecisa
1512 1198 1577 1238 sibi
1591 1200 1722 1253 lingua
1740 1201 1896 1240 locutus
1907 1201 1985 1248 est,

1131 1252 1380 1306 gloriamque
1401 1254 1491 1293 Deo
1505 1255 1544 1293 in
1565 1257 1694 1307 primo
1713 1258 1823 1295 vocis
1835 1256 1906 1295 suae
1918 1270 1986 1295 ex-

1132 1308 1250 1347 ordio
1273 1309 1397 1348 dedit.
1440 1310 1624 1363 Denique
1645 1311 1782 1351 exhoc
1805 1311 1985 1350 fidelium

1133 1364 1397 1403 contubernio
1416 1365 1639 1418 aliquantos
1658 1381 1736 1419 ego
1759 1366 1986 1419 religiosissi-

1133 1419 1219 1459 mos
1230 1424 1331 1460 viros
1343 1420 1506 1473 praecilis
1521 1422 1679 1474 linguis,
1694 1423 1870 1462 manibus
1880 1435 1987 1462 trun-

1132 1478 1242 1522 catis,
1254 1479 1360 1528 apud
1373 1476 1607 1529 Byzantium
1619 1478 1770 1530 integra
1780 1492 1884 1517 ‚voce
1894 1489 1988 1517 con*

1134 1527 1243 1583 spexi
1262 1532 1480 1584 loquentes.
1516 1532 1613 1571 Haec
1634 1536 1887 1573 Atrianorum
1900 1547 1990 1572 cru-

1135 1587 1275 1626 delitas
1288 1588 1326 1626 in
1349 1586 1554 1639 religiosos
1570 1588 1717 1628 Christi
1736 1590 1908 1628 cultores
1929 1588 1989 1627 su-

1136 1641 1355 1695 prascriptis
1375 1642 1481 1683 Coss.
1494 1642 1620 1684 mense
1640 1643 1852 1685 Februario
1864 1646 1988 1697 ccepit

1136 1697 1275 1751 infligi.

1155 1800 1695 1844 ,INDICTIONE
1756 1804 1902 1846 VIII.

1360 1880 1564 1935 Symmacho
1564 1881 1638 1935 filo
1649 1880 1723 1935 Cos]

1087 1963 1293 2017 Longinus
1305 1966 1484 2006 Zenonis
1494 1966 1611 2008 frater
1621 1969 1787 2023 Augusti
1799 1999 1809 2017 ‚
1827 1969 1915 2022 post
1927 1970 1994 2009 de—

1141 2023 1345 2061 cennalem
1356 2023 1574 2063 custodiam
1587 2053 1599 2071 ‚
1621 2039 1738 2078 quam
1752 2026 1881 2065 eidem
1900 2025 1995 2064 Illus

1141 2075 1247 2126 apud
1262 2076 1441 2117 Isauriam
1462 2078 1657 2119 inflixerat
1668 2109 1680 2127 ,
1699 2082 1749 2119 ad
1761 2094 1993 2132 germanum

1141 2129 1250 2170 suum
1263 2132 1658 2186 Constantinopolim
1668 2137 1842 2175 advenit.

1206 2234 1732 2280 IND1cr10NE
1792 2239 1879 2279 IX.

1387 2327 1538 2379 Longino
1540 2323 1614 2377 sblo
1627 2325 1702 2376 Cas

148 2410 335 2451 Romana:
344 2409 509 2451 ccclesiae
518 2410 630 2451 Felix
641 2424 720 2451 XLV
730 2424 742 2449 r
751 2437 760 2447 .
772 2409 978 2464 episcopus
989 2426 1046 2451 or-
1082 2408 1259 2462 Joannes
1272 2411 1533 2452 Antiochenae
1545 2415 1725 2465 paroeciae
1737 2429 1785 2455 ex
1805 2428 1995 2468 gramma-

202 2468 356 2507 dinatus
377 2468 475 2506 vixit
505 2468 613 2506 annis
642 2480 726 2505 xri.
765 2466 1046 2508 Theodoricus

201 2535 470 2574 cognomento
485 2520 668 2561 Valamer
684 2532 890 2574 utramque
911 2523 1047 2562 Mace-

201 2574 693 2628 doniam,Tlieffali:imque
704 2576 969 2629 depopulatus
979 2578 1048 2625 est,

201 2632 378 2673 Larissam
388 2645 554 2686 quoque
574 2633 827 2683 metropolim
849 2633 1047 2684 depraeda-

203 2698 277 2728 tus.

208 2789 793 2829 ·IND1cT10NE
853 2788 926 2830 VI.

461 2871 651 2925 Finstosolo
662 2872 737 2926 Cos

153 2955 264 2996 Idem
275 2957 555 2999 Theodoricus
565 2973 632 2998 rex
644 2960 1049 3002 GothorumZenonis

206 3015 308 3064 Aug.
325 3013 599 3053 munificentiis
612 3018 714 3066 pene
723 3027 880 3066 pacatus
894 3046 906 3064 ‚
918 3017 1047 3070 Magi·

206 3068 359 3123 sterque
374 3069 561 3118 praesentis
573 3069 720 3108 militia:
732 3069 852 3110 faetus
865 3100 876 3118 ,
896 3073 1049 3112 Consul

207 3137 318 3177 quoq
327 3139 374 3163 ne
384 3123 603 3176 designatus
614 3151 626 3170 ,
644 3126 831 3164 creditam
842 3125 909 3165 sibi
919 3130 1048 3180 ripen-

206 3179 250 3219 sis
265 3180 324 3218 Du
351 3181 394 3218 iae
405 3191 551 3231 partem
563 3207 574 3226 ,
599 3178 826 3233 Moesiaeque
836 3178 1026 3221 inferioris
1039 3210 1051 3229 ‚

207 3247 297 3274 cum
309 3233 380 3274 suis
390 3234 614 3275 satellitibus
629 3248 702 3288 pro
722 3246 898 3288 tempore
909 3238 1046 3277 tenuit.

252 3323 781 3379 INDICTIONE
840 3338 956 3380 VII.

345 3421 546 3463 Theodorico
557 3425 600 3470 d„
610 3427 770 3465 Venamio
779 3422 862 3478 Cff

1142 2466 1226 2505 tico
1241 2468 1452 2519 presbyter,
1464 2467 1608 2520 scripfit
1619 2470 1824 2512 adversum
1837 2473 1996 2524 eos,qui

1143 2521 1182 2559 in
1197 2536 1272 2561 una
1291 2524 1440 2562 tantum
1459 2522 1665 2564 substantia
1684 2527 1927 2566 adorandum
1939 2527 1996 2565 us-

1145 2575 1274 2617 serunt
1288 2577 1487 2618 Christum
1500 2606 1511 2625 ,
1540 2592 1614 2618 nec
1623 2582 1885 2633 adquiescunt
1898 2582 1995 2622 duas

1145 2632 1184 2670 in
1197 2632 1358 2673 Christo
1373 2632 1623 2675 confitendas
1636 2635 1708 2675 esse
1721 2649 1891 2678 naturas.

1217 2735 1748 2778 INDICTIONE
1807 2739 1864 2778 X.

1401 2821 1680 2877 Ba’tiosoloCoffi

1090 2906 1374 2949 Theodoricus
1388 2922 1454 2948 rex
1466 2909 1693 2951 Gothorum
1714 2912 1894 2955 Zenonis
1912 2917 1991 2957 Au-

1143 2963 1244 3016 gusti
1258 2977 1454 3017 nunquam
1468 2965 1670 3008 beneficiis
1680 2968 1843 3017 satiatus,
1854 2985 1995 3025 magna

1145 3020 1298 3058 suorum
1312 3019 1564 3073 manu,usque
1576 3023 1626 3061 ad
1640 3025 1781 3076 regiam
1793 3027 1994 3068 civitatem
2024 3019 2035 3021 „

1145 3077 1183 3112 &
1199 3074 1478 3114 Melentiadam
1492 3077 1993 3128 oppiduminfestusacces-

1148 3128 1191 3167 fir
1200 3157 1212 3175 ‚
1232 3129 1485 3182 plurimisque
1498 3132 1595 3172 locis
1613 3135 1703 3186 igne
1721 3140 1897 3177 crematis
1909 3168 1920 3184 ‚
1940 3140 1992 3179 ad

1145 3183 1188 3222 N
1195 3185 1377 3224 ovensem
1389 3184 1536 3246 Moefiae
1547 3188 1865 3239 Civitatem,unde
1874 3195 1990 3233 adve-

1146 3250 1266 3286 nerat,
1277 3251 1471 3280 remeavit.

1198 3341 1726 3389 INDICTIONE
1787 3351 1873 3393 XI.

1330 3433 1494 3471 Dinamio
1505 3435 1549 3480 ὠ·
1561 3435 1683 3488 sifidio
1693 3437 1768 3489 Cos

161 3507 254 3549 Illus
274 3510 433 3551 natione
451 3510 621 3561 Isauras,
642 3512 836 3565 dignitate
856 3511 1046 3565 Magister
1086 3512 1277 3556 Leontius
1297 3516 1443 3558 interea
1453 3533 1541 3566 rex,
1565 3525 1603 3561 &-
1616 3521 1708 3563 Illus
1720 3535 1924 3576 tyrannus,
1944 3525 1982 3562 in

1503 3575 1540 3616 Z
1567 3590 1594 3628 4
1824 3584 1827 3587 '
1867 3579 1993 3633 Papy-
