2366 4040
649 252 1490 296 cHRONICON.
1947 269 1991 308 51

203 343 307 379 taxat
317 333 591 374 Romanorum
604 327 671 368 fibi
682 326 921 377 decessorum
931 355 942 375 ,
955 326 1048 367 urbe
1175 327 1197 367 I
1227 340 1258 366 N
1289 340 1316 366 D
1347 341 1363 366 1
1398 340 1421 365 c
1451 340 1476 366 T
1509 340 1524 365 1
1555 339 1581 365 o
1612 339 1643 366 N
1676 341 1700 366 F.
1762 325 1864 369 VII
1875 328 1906 367 Ι.

205 388 392 446 digressus
402 385 791 439 Constantinopolim
805 383 929 430 venit,
948 384 1047 422 miro
1309 405 1675 461 Lampadt0&0rcste
1686 406 1770 461 Coff

203 447 356 489 honore
376 444 568 495 susceptus
586 439 653 481 est.
687 441 837 479 Dexter
864 438 1048 478 dextrum

203 500 375 544 ecclefiae
385 498 522 541 insedit
532 495 872 548 solium,diemque
883 494 1048 534 Domini
1090 492 1254 534 Mundo
1272 492 1502 546 Illyricianae
1523 495 1723 548 utriusque
1751 495 1898 535 militiae
1919 495 1994 534 du-

204 557 326 600 nostri
347 553 628 597 resurreffionis
649 550 765 603 plena
784 562 888 590 voce
901 549 1047 590 Roma-
1147 548 1244 596 Scor,
1255 549 1405 590 dudum
1416 550 1527 591 Getis
1538 551 1738 604 Illyricum
1754 550 1995 590 discursanti-

204 614 265 655 nis
275 609 453 669 precibus
465 607 686 648 celebravit.
1147 604 1220 644 bus
1250 605 1396 657 primus
1420 608 1597 647 omnium
1625 606 1900 647 Romanorum
1922 607 1995 645 du-

1148 673 1239 699 cum
1250 661 1451 709 incubuit,
1472 663 1620 716 eosque
1632 663 1736 703 haud
1750 662 1998 716 paucisipso-

1146 728 1231 755 rum
1243 715 1485 771 interemptis
1497 717 1657 771 fugavit.
1667 719 1742 759 His
1752 730 1882 758 autem
1891 719 2000 756 dein-

1146 771 1198 811 de
1210 770 1427 813 Coffidem
1445 774 1526 812 dux
1537 775 1710 814 audaciae
1722 774 1794 814 suae
1807 773 1893 815 secu
1901 774 1999 813 ndus

1146 825 1186 866 in
1201 825 1409 867 Thraciam
1423 842 1586 891 quoque
1597 830 1808 877 advolans,
1829 830 2002 882 praedan-

1147 890 1208 920 tes
1217 894 1300 919 eam
1311 881 1496 934 Bulgares
1508 882 1686 924 feliciore
1698 899 1829 938 pugna
1839 885 2002 932 cecidit,

1150 936 1375 989 quingentis
1386 938 1570 978 eorumin
1582 941 1718 991 praelio
1731 941 1944 981 trucidatis-

271 717 791 757 INDICTIONE
848 707 931 751 IV.

459 795 593 853 olybrio
593 793 668 850 sblo
677 793 751 848 0⁷st
798 852 804 861 Ι

148 888 299 931 Totam
311 885 564 928 Antiochiam
575 884 690 940 Syriae
704 884 899 925 civitatem
913 897 1053 937 repens

199 944 302 984 inter
311 942 586 996 prandendum
606 951 845 982 terraemotus
861 939 1052 979 invasit-a-

200 1000 359 1053 lioquin
390 998 600 1038 occiduam
621 995 724 1037 urbis
743 1008 996 1048 magnamque
1016 1007 1055 1033 e·

198 1056 261 1109 jus
271 1065 421 1108 partem
434 1082 447 1102 ,
467 1052 620 1094 finistris
631 1064 724 1092 mox
736 1051 863 1090 ventis
872 1050 1054 1103 undique

201 1110 387 1152 flantibus
398 1138 410 1158 ‚
431 1107 680 1162 flammasque
699 1106 957 1160 coquinarum
980 1118 1054 1156 pro

203 1178 384 1219 ternpore
414 1163 616 1204 aestuantes
640 1164 791 1202 ruentia
819 1162 859 1201 in
888 1159 1077 1205 aedificia

204 1219 478 1267 miscentibus,
506 1219 656 1281 duplex
677 1215 953 1271 torridumque
971 1218 1056 1257 exi-

204 1278 303 1318 tium
332 1276 573 1327 importavit.
635 1270 850 1313 Eufrafium
888 1285 1055 1326 quoque

204 1332 328 1373 totius
357 1329 461 1370 urbis
493 1327 724 1382 episcopum
758 1327 947 1380 adempto
975 1329 1056 1380 ejus

203 1387 353 1440 capite,
392 1384 600 1425 combusto
629 1384 740 1425 simul
764 1383 897 1423 obruit
927 1383 1054 1437 sepul-

202 1442 325 1489 ebro,
344 1440 517 1481 obelisco
539 1440 652 1481 Circi
671 1439 850 1488 inverso,
883 1442 921 1486 ὃς
945 1439 1055 1480 humi

206 1495 374 1539 defofl‘o.

281 1602 809 1644 IND1cr10NE

1219 1040 1744 1083 INDICTIONE
1803 1044 1888 1084 IX.

1266 1132 1295 1164 P
1306 1134 1336 1166 C
1341 1157 1348 1165 .
1357 1128 1543 1183 Lampadii
1552 1129 1596 1175 ὠ
1607 1128 1730 1180 Orestis
1739 1125 1824 1182 Coffs

1096 1212 1173 1252 His
1190 1209 1296 1251 Coss.
1313 1199 1712 1268 'CodexJustinianus
1732 1214 1819 1255 ‘orbi
1832 1215 2005 1268 promul-

1153 1279 1264 1321 gatus
1275 1267 1346 1308 est.

1227 1373 1765 1417 INDICTIONE
1827 1375 1882 1416 X.

1229 1461 1316 1499 item
1326 1468 1354 1500 P
1364 1468 1400 1499 C.
1415 1461 1600 1518 Lampadit'
1611 1463 1656 1509 όν
1665 1463 1787 1515 orssv's
1798 1470 1827 1501 C
1825 1459 1882 1515 ff

1098 1541 1317 1597 Hypatius,
1349 1545 1584 1599 Pompeius,
1618 1551 1656 1588 ὅ(
1687 1548 1838 1590 Probus
1867 1561 2008 1602 genere
2073 1573 2075 1577 .

1155 1600 1402 1648 consobrini,
1418 1602 1594 1655 Divique
1616 1604 1801 1645 Anastafii
1823 1616 2009 1658 nepotes,

1154 1655 1362 1708 imperium
1377 1659 1491 1711 quod
1511 1656 1578 1698 fibi
1592 1658 1909 1715 -finguliindigna
1929 1674 2009 1701 am-

1155 1711 1309 1751 bitione
1329 1715 1571 1765 exoptabant
1597 1743 1610 1763 ,
1634 1716 1769 1756 Idibus
1789 1717 1978 1771 januariis
1997 1745 2009 1764 ,

1150 1765 1229 1819 jam
1241 1767 1434 1821 plerisque
1445 1770 1638 1811 nobilium
1649 1774 1874 1819 conjuratis,
1887 1773 2012 1811 omni-

1156 1836 1234 1875 que
1246 1821 1522 1864 seditiosorum
1545 1826 1657 1879 turba
1679 1830 1794 1869 armis
1814 1827 2009 1882 donisque

1157 1876 1379 1917 ministratis
1391 1879 1519 1920 illee‘ta
1530 1908 1541 1927 ‚
1564 1882 1668 1922 dolis
1681 1883 1865 1925 invadere
1882 1895 2010 1924 tenta-

1157 1943 1317 1978 verunt,
1345 1945 1466 1988 atque
1498 1948 1567 1988 per
1588 1937 1768 1991 quinque
1793 1941 2011 1980 continuos

1158 1987 1243 2027 dies
1255 1986 1390 2027 urbem
1407 1991 1552 2043 regiam
1564 1993 1706 2045 rapinis
1718 2022 1728 2038 ,
1753 1992 1857 2034 ferro
1874 2022 1884 2041 ,
1902 1994 2011 2047 igne-

431 1686 608 1728 Mabortio
620 1684 694 1741 Jblo
706 1695 736 1727 C
733 1685 781 1741 vs

152 1777 274 1821 Anno
292 1775 406 1831 regiae
423 1774 527 1815 urbis
546 1774 717 1815 conditae
739 1787 919 1816 cxcvnr.
937 1774 1056 1827 justi-

209 1832 503 1885 nusimperator
518 1829 778 1883 justinianum
790 1843 838 1869 ex
851 1830 981 1870 sorore
994 1831 1060 1870 sua

209 1897 422 1940 nepotem,
435 1884 670 1937 jamdudum
689 1884 711 1923 a
730 1886 767 1924 se
787 1884 1062 1926 nobilissimum

211 1941 453 1994 designatum
465 1968 475 1983 ‚
511 1939 741 1991 participem
771 1952 935 1993 quoque
952 1942 1063 1992 regni

211 1996 284 2043 sui,
295 1994 631 2047 successoremque
646 1993 787 2034 creavit
801 1995 890 2036 Cal.
904 1995 1060 2047 Aprilis.

209 2050 290 2103 ipse
301 2052 390 2091 vero
402 2059 544 2104 quarto
555 2049 602 2088 ab
614 2048 691 2088 hoc
702 2049 831 2090 mense
843 2050 923 2091 vita
932 2050 1060 2091 deces-

212 2106 256 2147 fit
266 2134 279 2155 ,
289 2118 393 2147 anno
403 2104 557 2158 imperii
573 2117 633 2144 1x.
646 2103 775 2149 mense
790 2119 806 2143 1
818 2118 851 2145 1.

275 2207 796 2250 INDICTIONE
856 2204 938 2250 VI.

370 2290 557 2342 Iustiniana
571 2288 769 2346 eAugfilo
778 2288 854 2343 Coſs

161 2373 278 2415 Anno
299 2376 414 2427 regiae
441 2375 544 2416 urbis
565 2376 738 2416 conditae
766 2387 974 2416 cxcvnx.
1002 2389 1061 2415 re·

210 2431 319 2484 gium
332 2430 567 2471 vestibulum
578 2459 589 2479 ,
614 2431 860 2485 priscumque
879 2432 918 2471 in
935 2445 984 2471 eo
998 2431 1057 2471 so-

210 2486 306 2526 lium
328 2513 340 2534 ,
375 2485 428 2526 ob
461 2486 680 2539 aspicienda
706 2487 991 2540 probandaque
1017 2488 1056 2526 in

212 2541 337 2582 Circo
360 2543 570 2582 certamina
582 2542 765 2583 struetum
778 2570 789 2589 ,
807 2542 933 2581 vffitor
944 2543 1060 2594 Justi-

212 2598 349 2637 nianus
368 2598 570 2649 princeps,
589 2598 825 2637 eminentius
844 2596 1061 2651 clariusque

213 2652 332 2706 quam
344 2649 484 2700 fuerat,
496 2656 534 2693 &
546 2648 752 2706 Vtramque
766 2652 999 2691 Senatorum
1012 2666 1061 2691 ex

214 2721 324 2748 more
342 2706 596 2759 spef’cantium
628 2708 826 2760 porticum
848 2703 958 2746 solita
981 2721 1060 2746 ma-

211 2762 466 2816 gnanimitate
476 2760 884 2816 redintegravit,bonis
895 2762 1058 2814 quidem

212 2816 465 2869 agitatoribus
478 2818 691 2871 praemium‚
701 2817 850 2871 ignavis
862 2828 992 2857 autem
1005 2816 1058 2857 se-

215 2881 418 2911 veritatem
433 2885 606 2913 innuens-

259 2970 775 3018 INDICTIONE
836 2977 953 3020 VII.

481 3045 737 3111 DeciosbloC0s

158 3136 308 3178 Parthis
327 3138 429 3179 bella
456 3143 704 3183 moventibus
730 3157 832 3186 arma
852 3144 1055 3186 Romanus

210 3194 360 3246 paravit
367 3197 560 3237 exercitus
569 3225 581 3245 ,
592 3195 763 3252 finesque
776 3200 860 3240 suos
871 3199 1058 3240 rebellans
1097 3193 1190 3243 Po'st
1225 3203 1454 3247 diuturnum

210 3259 358 3289 tutatus
375 3249 442 3291 est.
474 3251 572 3291 Haec
601 3254 808 3307 expeditio
835 3255 1056 3295 nostrorum

210 3315 311 3355 pene
323 3316 392 3356 per
403 3306 498 3358 quin
506 3310 721 3360 quennium
729 3310 1053 3363 tenuit,digreffa-

212 3370 294 3411 que
306 3359 473 3402 Oriente
486 3360 656 3404 Africam
668 3367 920 3417 petit,c0ntra
933 3366 987 3407 W
988 3380 1052 3407 an-

145 3444 149 3446 .
211 3413 322 3455 dalos
333 3411 500 3457 feliciter
510 3417 752 3462 dimicatura-

1159 2056 1240 2096 que
1262 2055 1333 2095 per
1352 2042 1558 2087 sceleratos
1576 2049 1705 2095 ciues,
1726 2048 1803 2090 fine
1830 2053 2011 2091 certoin-

1156 2109 1309 2150 terrege
1329 2098 1603 2149 discursantes,
1622 2101 1755 2144 hostili
1778 2106 1983 2158 impietate
1996 2138 2006 2154 ,

1155 2152 1235 2206 ipse
1247 2153 1283 2192 se
1296 2151 1432 2195 fideles
1449 2157 1670 2209 reipublicae
1686 2160 1724 2198 in
1735 2161 1883 2212 palatio
1903 2162 2012 2202 diffi-

1155 2207 1368 2257 mulantes,
1386 2211 1621 2265 depopulati
1633 2212 1733 2254 sunt.
1753 2215 1904 2269 Qinta
1916 2219 2011 2258 vero

1155 2263 1269 2318 hujus
1287 2263 1441 2306 infandi
1459 2266 1611 2309 sceleris
1631 2269 1719 2315 die,
1738 2271 1830 2311 dum
1848 2273 1899 2312 de
1918 2271 2009 2313 foro

1155 2319 1356 2372 Hypatius
1374 2320 1650 2364 sceleratorum
1674 2327 1866 2367 comitum
1888 2332 2009 2369 mani-

1155 2375 1226 2415 bus
1243 2386 1387 2429 torque
1398 2378 1603 2420 redimitus
1615 2394 1735 2421 aureo
1748 2412 1759 2429 ‚
1782 2387 1820 2423 ὃς
1840 2384 2009 2438 Pompe-

1150 2431 1355 2485 juscomes
1371 2434 1452 2485 ejus
1466 2433 1528 2474 sua
1541 2436 1607 2476 sub
1617 2436 1720 2477 veste
1733 2437 1941 2489 loricatus,
1959 2442 2012 2481 ad

1154 2487 1429 2527 invadendum
1442 2490 1717 2538 conscendunt
1728 2494 1916 2545 palatium
1930 2520 1942 2545 5
1964 2512 2009 2536 u-

1157 2553 1297 2595 terque
1321 2557 1455 2583 eorum
1486 2557 1576 2587 ante
1594 2546 1695 2587 fores
1717 2549 1849 2600 palatii
1870 2564 2006 2605 captus

1158 2595 1234 2643 est,
1265 2597 1475 2651 statimque
1504 2602 1657 2653 piiffimi
1677 2605 1864 2658 principis
1887 2607 2007 2648 nostri

1159 2663 1256 2691 nutu
1283 2664 1482 2696 catenatus
1504 2683 1515 2702 ‚
1544 2659 1836 2712 trucidatusque
1869 2676 2007 2714 poenas

1156 2705 1286 2752 lum&
1298 2710 1387 2761 aute¹
1398 2708 1601 2762 imperium
1615 2714 1800 2764 perdidit,
1813 2716 1930 2768 quam
1943 2718 2004 2758 ha-

1156 2760 1260 2800 beret
1276 2789 1288 2808 ,
1309 2762 1521 2804 innumeris
1532 2767 1661 2818 paslim
1676 2768 1716 2808 in
1739 2769 1862 2809 Circo
1876 2787 2005 2826 popu-

1153 2816 1198 2854 lis
1210 2817 1413 2857 trucidatis
1426 2846 1437 2865 ,
1457 2822 1758 2874 &tyrannorum
1781 2824 1895 2868 sociis
1909 2843 2004 2868 con-

1153 2871 1265 2910 tinuo
1283 2872 1519 2925 proscriptis.
1552 2876 1719 2918 Ecclefia
1743 2883 2003 2926 tuncincenfa

1153 2938 1247 2967 mox
1257 2928 1426 2980 caepitab
1438 2931 1584 2972 eodem
1598 2934 1778 2986 Augusto
1789 2942 1980 2981 renovari.

1211 3031 1742 3080 INDICTIONE
1803 3040 1886 3083 XI.

1301 3120 1488 3171 Iustiniana
1502 3130 1620 3178 eAug.
1640 3139 1710 3166 111.
1725 3126 1799 3180 Cqfi

1493 3211 1782 3268 immanemque
1821 3216 1998 3259 laborem

1150 3271 1286 3300 contra
1299 3263 1445 3303 Medos
1466 3264 1655 3308 Romanis
1673 3271 1823 3323 gestum
1846 3273 1998 3313 sudori-

1150 3314 1241 3362 bus,
1273 3319 1432 3359 tandem
1459 3333 1528 3373 per
1551 3322 1740 3365 Rufinum
1762 3330 1969 3379 patricium
1985 3363 1997 3382 ‚

1150 3383 1296 3424 perque
1308 3372 1597 3429 Hermogenem
1604 3380 1649 3419 M
1653 3383 1834 3434 agistrurn
1843 3383 1994 3423 officio-

1149 3439 1234 3465 rum
1247 3454 1258 3471 ,
1282 3439 1490 3488 utrumque
1510 3433 1678 3485 legatum
1691 3438 1710 3476 31
1734 3441 1910 3491 principe
1923 3454 1993 3478 no-

1149 3481 1226 3520 stro
1237 3481 1399 3532 missum,
1408 3499 1483 3539 pax
1494 3502 1583 3528 cum
1596 3489 1743 3531 Parthis
1754 3494 1913 3546 depaeta
1926 3495 1991 3534 est.

1147 3534 1406 3591 Sponsionem
1416 3544 1578 3597 percuffi
1591 3544 1751 3588 foederis
1765 3550 1810 3588 ab
1822 3561 1995 3600 utroque

1578 3602 1611 3640 A
1642 3615 1663 3640 a
1924 3604 1998 3643 Irn-
