2366 4040
293 294 1397 344 CHRONICORUMLIBER
1453 289 1764 339 PRIOR.
1946 308 1998 351 47

56 375 242 415 GALLUS
255 374 463 414 vicelimus
473 371 600 410 sextus
613 369 895 409 Romanorum
907 368 1123 422 imperator
1133 382 1226 408 cum
1246 367 1510 409 VOLUSIANO
1532 368 1615 408 filio
1637 370 1820 424 regnavit
1843 383 1932 410 ann.
1947 386 1998 412 11„

114 432 236 475 mens
252 446 307 472 rv.
320 433 343 472 S
351 431 401 470 ub
410 430 487 468 hoc
499 426 682 480 pestilens
694 425 857 466 morbus
868 424 1012 464 multas
1022 427 1141 466 totius
1152 425 1258 466 orbis
1268 426 1491 480 provincias
1502 429 1729 481 occupavit,
1743 428 2001 480 maximeque

80 511 83 516 ·
114 489 399 529 Alexandriam
412 488 450 523 δε
461 483 689 539 AEgyptum
702 511 714 529 ,
733 495 778 522 ut
789 482 921 522 scribit
936 482 1150 536 Dionyslus
1162 510 1173 528 ,
1194 487 1230 522 ὃς
1241 484 1435 538 Cypriani
1446 482 1496 523 de
1512 483 1752 523 mortalitate
1766 484 1873 523 testis
1894 485 1948 523 est
1959 485 2002 523 li-

113 546 194 587 ber.
226 545 360 585 Gallus
371 546 409 580 &
418 539 654 582 Volusianus
662 567 673 585 ‚
698 553 824 593 quum
846 537 1054 578 adversum
1068 538 1331 580 AEmilianum
1343 568 1354 586 ,
1366 540 1487 594 quiin
1500 540 1645 581 Mcefia
1656 554 1715 580 res
1726 555 1851 581 novas
1864 541 2002 580 molie«

113 603 239 648 batur,
252 613 300 641 ex
310 599 406 637 urbe
423 597 593 653 profe&i
606 595 742 642 essent,
753 597 796 636 in
809 593 897 635 foro
912 595 1100 635 Flaminii
1112 622 1122 641 ,
1136 596 1212 635 five
1223 624 1234 642 ,
1244 609 1290 637 ut
1301 597 1366 637 alii
1377 607 1522 651 putant
1531 625 1542 643 ,
1554 597 2005 638 Interamnaeinterfesti

115 659 212 699 sunt.
244 655 483 696 AEmilianus
494 665 630 694 autem
643 654 763 693 tertio
777 651 912 692 mense
924 652 1062 693 invasse
1074 653 1290 707 tyrannidis
1303 653 1502 694 extinctus
1512 654 1577 694 est.

56 715 125 757 VA
134 726 352 756 LERIANus
365 711 572 752 vicesimus
583 711 771 765 septimus
782 710 1066 750 Romanorum
1078 710 1295 764 imperator
1306 725 1397 750 cum
1421 711 1665 752 GALLIENO
1686 712 1900 767 imperavit
1912 726 2001 751 ann.

53 764 57 769 ’
111 785 173 811 xv.
184 769 417 811 Valerianus
428 769 469 808 in
480 768 634 808 Rhetia
644 768 693 807 ab
705 767 880 807 exercitu
893 767 1113 821 AugustUS,
1132 767 1338 809 Gallienus
1348 767 1492 808 Romae
1503 770 1524 807 a
1536 769 1682 808 Senatu
1695 768 1823 809 Caesar
1834 768 2003 822 appella-

108 839 180 866 tus.
203 827 284 867 Sed
295 826 543 872 Valerianus,
554 826 597 865 in
609 824 855 866 Christianos
865 823 1024 877 persecu
1031 825 1143 864 tione
1153 836 1359 865 commota
1373 859 1380 872 ‚
1395 824 1525 864 statim
1537 826 1558 864 a
1570 826 1719 880 Sapore
1732 825 1932 866 Persarum
1944 839 2001 865 re-

107 897 157 938 ge
169 884 340 938 capitur:
354 883 491 937 ibique
502 882 687 922 servitute
699 880 909 920 miserabili
921 880 1174 920 consenescit.
1207 884 1305 932 Qo
1317 882 1358 920 in
1367 880 1498 920 Persas
1507 881 1692 929 abdu&o‚
1711 882 1921 923 Gallienus
1931 897 2003 922 no-

45 966 48 971 ·
106 940 188 980 stris
197 955 336 995 pacem
347 940 536 980 reddidit.
569 936 755 978 Gallieno
765 946 901 975 autem
909 937 950 975 in
962 946 1127 976 omnem
1140 934 1338 975 lasciviam
1352 935 1490 974 dissolu
1497 937 1751 982 to‚Germani
1762 939 2002 979 Ravennam

105 996 228 1051 usque
240 1009 456 1037 venerunt:
471 994 684 1036 Alamanni
691 992 849 1032 vastatis
858 991 996 1031 Galliis
1007 993 1050 1031 in
1059 990 1217 1031 Italiam
1231 990 1426 1031 transiere.
1459 992 1626 1038 Graecia,
1640 994 2004 1042 Macedonia‚Pon··

108 1066 184 1100 tus,
200 1055 297 1094 Afiae
310 1052 560 1108 depopulatae
571 1064 642 1105 per
653 1049 825 1090 Gothos.
860 1047 999 1101 Qadi
1011 1052 1048 1089 &
1058 1048 1244 1088 Sarmatae
1254 1049 1480 1088 Pannonias
1492 1061 1801 1103 occupaverunt.
1835 1053 2001 1092 Germa-

106 1112 166 1153 nis
179 1111 388 1165 Hispanias
397 1107 675 1149 obtinentibus
683 1106 890 1147 Tarracon
902 1117 1129 1160 expugnata
1139 1105 1194 1145 est
1206 1121 1213 1144 ε
1225 1106 1362 1145 Parthi
1374 1106 1715 1160 Mesopotamiam
1728 1118 1912 1147 tenentes
1933 1109 2002 1162 Sy-

108 1172 205 1211 riam
217 1166 526 1211 incursaverunt,
557 1163 990 1205 OdenathusDecurio
1002 1162 1263 1217 Palmyrenus
1275 1162 1440 1202 collesta
1451 1163 1662 1218 agrestium
1674 1177 1794 1204 manu
1808 1165 1863 1206 ita
1873 1165 2003 1205 Persas

107 1226 265 1270 cecidit,
278 1236 323 1265 ut
331 1223 382 1263 ad
393 1222 703 1277 Ctesiphontem
714 1220 833 1261 castra
843 1231 1024 1274 poneret.
1054 1219 1195 1260 Galliae
1205 1220 1303 1260 vero
1313 1233 1384 1273 per
1402 1220 1666 1260 Posthumum
1688 1226 1726 1261 &
1746 1218 2003 1262 Victorinum

108 1290 144 1325 &
155 1282 365 1323 Tetricum
378 1292 555 1334 receptae.
591 1277 798 1318 Gallienus
811 1277 1043 1318 Mediolani
1053 1276 1264 1317 occiditur.

51 1340 278 1382 CLAumus
299 1337 509 1378 vicesimus
535 1335 701 1375 ostavus
716 1336 999 1377 Romanorum
1020 1335 1237 1389 imperator
1253 1334 1437 1389 regnavit
1455 1348 1544 1374 ann.
1558 1348 1587 1375 1.
1606 1334 1726 1375 mens.
1742 1349 1797 1375 rx.
1825 1336 1907 1376 Sub
1919 1336 1999 1376 hoc

105 1395 356 1438 Alexandriae
368 1394 600 1439 Bruchium,
611 1391 723 1447 quod
734 1407 805 1446 per
816 1392 964 1432 multos
975 1405 1099 1432 annos
1111 1391 1239 1431 fuerat
1247 1391 1453 1438 obsessum,
1467 1392 1633 1432 tandem
1645 1391 1866 1432 destruitur.
1881 1393 2003 1433 Clau-

105 1455 195 1495 dius
206 1454 367 1493 Gothos
389 1451 593 1507 Illyricum
606 1478 617 1496 ,
641 1454 679 1490 ὃ(
696 1450 986 1489 Macedoniam
998 1449 1192 1489 vastantes
1202 1448 1369 1503 superat.
1401 1448 1473 1489 Ob
1486 1463 1572 1502 qua:
1583 1449 1625 1488 in
1637 1449 1761 1489 Curia
1771 1450 1938 1504 Clipeus
1949 1451 2006 1490 illi

105 1525 254 1557 aurem,
271 1512 358 1550 &in
367 1507 575 1563 Capitolio
584 1507 707 1547 statua
717 1521 832 1547 aurea
843 1506 1036 1547 collocata
1048 1505 1113 1546 est.
1145 1506 1321 1546 Moritur
1346 1506 1491 1546 Sirmii.
1524 1507 1703 1560 QiNn
1712 1520 1822 1546 LLus
1839 1506 2006 1547 Claudii

104 1570 221 1610 frater
230 1569 250 1608 a
259 1569 408 1608 Senatu
420 1565 624 1620 Augustus
633 1564 849 1618 appellatus
859 1563 1019 1604 decimo
1031 1563 1201 1618 septimo
1214 1564 1374 1617 imperii
1384 1563 1451 1603 die
1464 1563 1660 1617 Aquilejae
1672 1563 1881 1603 occiditur.

49 1632 345 1669 AURELIANus
379 1623 585 1663 vicesimus
595 1635 726 1662 nonus
735 1622 1017 1662 Romanorum
1029 1621 1246 1675 imperator
1261 1622 1444 1675 regnavit
1456 1635 1545 1659 ann.
1567 1634 1603 1660 v.
1618 1620 1738 1660 mens
1755 1634 1810 1660 vr.
1823 1621 1906 1660 Hic
1917 1620 2002 1660 Te-

105 1686 204 1724 trico
215 1682 321 1737 apud
333 1680 576 1722 Catalaunos
586 1679 784 1734 prodente
796 1679 1014 1719 exercitum
1024 1677 1136 1717 suum
1150 1677 1297 1719 Gallias
1308 1678 1471 1732 recepit.
1503 1678 1731 1717 Zenobiam
1742 1678 1850 1732 apud
1860 1678 2005 1718 Timas

105 1741 212 1782 haud
224 1741 343 1794 longe
355 1738 404 1778 ab
420 1736 639 1779 Antiochia
652 1736 778 1775 vincit
789 1751 797 1775 t
809 1750 897 1790 quae
905 1763 916 1781 ,
935 1735 1066 1775 occiso
1084 1733 1309 1775 Odenatho
1321 1736 1468 1775 marito
1480 1761 1491 1780 ,
1511 1735 1693 1776 Orientis
1704 1735 1868 1775 tenebat
1878 1736 2004 1790 impe-

104 1800 217 1839 rium.
250 1796 393 1836 Romae
402 1794 688 1848 trimphantem
699 1792 888 1833 Tetricus
898 1797 934 1833 Sc
944 1792 1130 1832 Zenobia
1141 1793 1422 1846 praecesserunt.
1454 1792 1487 1831 E
1499 1792 1645 1845 quibus
1652 1791 1841 1831 Tetricus
1856 1793 2002 1832 Corre-

105 1853 333 1908 &orpostea
353 1852 539 1892 Lucaniae
560 1850 637 1890 fuit
651 1866 658 1889 :
671 1855 709 1890 ὃς
730 1849 915 1889 Zenobia
934 1850 977 1889 in
988 1849 1085 1888 urbe
1095 1849 1253 1888 summo
1264 1850 1420 1889 honore
1433 1850 1642 1891 consenuit
1655 1865 1662 1888 τ
1675 1850 1696 1888 a
1707 1863 1786 1902 qua
1797 1848 2003 1903 hodieque

106 1914 251 1952 Romae
261 1908 449 1949 Zenobia
474 1918 727 1961 nuncupatur
746 1906 905 1945 familia.
937 1905 1408 1960 AurelianusTemplum
1422 1906 1505 1945 Soli
1513 1905 1694 1950 aedificat,
1706 1910 1742 1945 ὃς
1755 1906 1929 1959 primum
1945 1907 2002 1946 A-

107 1981 256 2017 gonem
277 1965 377 2004 Solis
395 1964 583 2003 instituit:
602 1965 783 2003 Romam
800 1962 1040 2001 firmioribus
1060 1962 1182 2001 muris
1192 1962 1321 2002 vallat.
1358 1965 1499 2014 Qum
1513 1962 1721 2001 adversum
1742 1975 1815 2000 nos
1826 1962 2003 2015 persecu-

107 2015 262 2064 {ionem
276 2019 470 2065 movisset,
482 2019 634 2059 fulmen
645 2019 755 2073 juxta
764 2032 872 2064 eum,
883 2017 1129 2071 comitesque
1137 2018 1220 2070 ejus
1231 2019 1319 2058 ruit.
1357 2020 1420 2058 Ac
1433 2032 1516 2058 non
1530 2018 1658 2058 multo
1666 2018 1754 2072 post
1766 2019 1871 2061 inter
1892 2019 2003 2059 Con-

107 2078 418 2130 stantinopolim,
430 2081 467 2114 &
478 2075 707 2114 Heracliam
718 2075 760 2112 in
771 2075 1064 2127 Caenophrurio
1076 2075 1148 2113 viae
1159 2076 1302 2114 veteris
1319 2075 1529 2116 occiditur.

49 2138 254 2178 TAchs
277 2134 559 2173 Romanorum
579 2129 796 2170 tricesimus
812 2131 1029 2183 imperator
1046 2130 1229 2183 regnavit
1247 2130 1368 2170 mens
1379 2144 1438 2170 vr.
1451 2145 1533 2184 quo
1543 2130 1650 2185 apud
1661 2131 1839 2170 Pontum
1852 2131 1998 2178 occiso,

106 2192 282 2233 obtinuit
294 2190 552 2230 FL0R1ANus
563 2187 776 2241 imperium
789 2185 930 2226 diebus
939 2200 1112 2226 LXXXIX.
1125 2185 1222 2226 Hoc
1233 2200 1397 2240 quoque
1409 2188 1517 2241 apud
1528 2187 1698 2227 Tarsum
1711 2186 1934 2227 interfesto.

48 2251 216 2291 Paossus
227 2249 510 2289 Romanorum
524 2243 737 2284 tricesimus
747 2244 1123 2298 primusimperator
1133 2245 1317 2299 regnavit
1325 2257 1415 2283 ann.
1427 2258 1484 2284 VI.
1498 2243 1617 2284 mens.
1632 2258 1700 2284 111.
1723 2244 1807 2284 Hic
1820 2244 1968 2285 Gallias
1979 2246 2000 2286 a

108 2305 285 2347 Barbaris
296 2313 508 2356 occupatas
518 2301 674 2357 ingenti
682 2301 828 2341 virtute
840 2301 1027 2340 restituit:
1042 2300 1179 2340 Gallos
1188 2328 1199 2346 ,
1218 2305 1256 2341 &
1266 2301 1496 2341 Pannonios
1505 2303 1639 2341 vineas
1650 2301 1798 2340 habere
1809 2302 2000 2355 permisit,

109 2363 353 2414 Almamque
372 2364 409 2399 δε
432 2360 612 2399 Aureum
633 2370 816 2398 montem
835 2353 998 2398 militari
1016 2371 1137 2397 manu
1156 2358 1325 2398 consitos
1334 2358 1650 2419 Provincialibus
1665 2357 1858 2398 colendos
1872 2357 1999 2399 dedit.

107 2419 307 2460 Tumultu
320 2416 479 2456 militari
490 2414 596 2470 apud
609 2416 797 2455 Sirmium
811 2415 852 2454 in
865 2426 982 2460 turre,
993 2428 1079 2467 quae
1089 2415 1236 2454 dicitur
1247 2416 1278 2456 F
1282 2427 1418 2462 errata,
1431 2415 1641 2455 occiditur.

53 2478 206 2517 CARus
223 2475 500 2515 Romanorum
515 2472 730 2512 tricesimus
738 2471 932 2512 secundus
941 2472 1158 2525 imperator
1167 2485 1259 2511 cum
1271 2472 1358 2512 filiis
1367 2473 1657 2513 NUMERIANO
1678 2476 1715 2512 ὃς
1737 2473 1925 2513 CARINo
1944 2487 2002 2513 re-

107 2533 244 2585 gnavit
254 2546 342 2572 ann.
358 2545 405 2570 11.
418 2530 499 2569 Hic
510 2528 780 2569 Narbonensis
792 2556 802 2574 ,
814 2542 938 2582 quum
951 2529 1063 2568 omni
1076 2529 1312 2568 Parthorum
1327 2530 1489 2584 regione
1502 2529 1646 2569 vastata
1658 2529 1832 2569 Cochen
1847 2534 1884 2569 &
1901 2530 1938 2569 C
1944 2542 2000 2569 te-

108 2579 336 2643 iiphontem
359 2585 613 2626 nobilissimas
632 2586 804 2626 hostium
827 2585 941 2625 urbes
962 2585 1125 2639 cepisset
1141 2612 1151 2631 ,
1174 2584 1288 2639 super
1300 2586 1517 2641 Tigridem
1535 2586 1654 2625 castra
1665 2600 1821 2640 ponens
1831 2585 2003 2626 fulmine

108 2647 205 2686 istus
216 2645 375 2685 interiit.
393 2643 678 2689 Numerianus,
690 2643 819 2696 quum
830 2642 883 2682 ob
896 2643 1105 2682 oculorum
1116 2642 1297 2683 dolorem
1310 2643 1488 2682 lecticula
1497 2642 1722 2688 veheretur,
1735 2642 1885 2681 insidiis
1898 2643 1998 2696 Apri

108 2702 230 2742 soceri
250 2701 305 2740 sui
325 2700 475 2740 occisus
495 2699 549 2738 est
560 2728 569 2745 ,
590 2699 815 2739 vixrfoetore
837 2698 1037 2739 cadaveris
1054 2698 1139 2752 post
1158 2699 1311 2752 aliquot
1321 2698 1407 2739 dies
1417 2698 1561 2739 scelere
1571 2710 1793 2752 comperto.
1825 2700 1999 2739 Carinus

109 2759 240 2814 praelio
251 2758 375 2797 vistus
384 2755 489 2810 apud
502 2756 692 2810 Margum
705 2754 916 2794 occiditur.

52 2813 269 2856 D1'0c12m1
278 2829 336 2854 AN
344 2829 388 2855 us
414 2815 695 2853 Romanorum
716 2811 931 2852 tricesimus
957 2811 1093 2850 tertius
1110 2812 1326 2866 imperator
1343 2811 1522 2866 regnavit
1542 2825 1631 2851 ann.
1654 2825 1719 2851 xx.
1742 2811 1826 2851 Hic
1836 2812 1998 2853 Dalma-

112 2884 151 2910 ta
171 2872 311 2911 Scribae
328 2870 427 2910 filius
446 2872 661 2924 imperator
671 2868 817 2908 ele&us
829 2868 956 2907 statim
970 2869 1128 2922 Aprum
1140 2869 1181 2907 in
1195 2868 1368 2908 militum
1380 2869 1577 2908 concione
1589 2867 1772 2923 percussit
1782 2896 1793 2914 ,
1809 2868 1944 2921 jurans
1954 2870 1997 2910 sl-

112 2941 162 2966 ne
174 2927 239 2964 suo
252 2924 390 2967 scelere
403 2927 697 2968 Numerianum
710 2924 976 2966 i11terfe6tum.
993 2925 1146 2965 Primus
1156 2925 1310 2965 adorari
1320 2925 1358 2965 se
1370 2937 1414 2964 ut
1426 2925 1575 2970 Deum,
1588 2930 1625 2965 &
1635 2939 1726 2980 gem
1734 2939 1815 2964 mas
1825 2925 1997 2966 vestibus

113 2980 464 3034 calceamentisque
477 2982 589 3022 inseri
596 2981 841 3036 jussit1quum
853 2993 945 3021 ante
957 2995 1049 3021 eum
1061 2996 1201 3022 omnes
1212 2984 1470 3037 imperatores
1480 2982 1521 3022 in
1532 2982 1701 3021 modum
1709 2982 1892 3035 judicum
1903 2983 1998 3023 salu-

113 3049 265 3078 tarentu
272 3052 301 3083 r,
315 3037 565 3091 chlamydem
576 3053 815 3093 purpuream
827 3040 847 3079 a
857 3040 1011 3093 privato
1021 3039 1158 3078 habitu
1173 3039 1260 3093 plus
1270 3040 1475 3079 haberent.
1495 3039 1544 3078 In
1556 3037 1799 3078 consortium
1813 3041 1927 3095 regni
1940 3040 1995 3080 sui

112 3097 154 3136 H
160 3095 350 3134 erculium
363 3095 653 3134 Maximianum
666 3096 819 3135 ass'umit
832 3113 839 3135 ς
852 3096 920 3148 qui
931 3095 1159 3135 rusticorum
1172 3096 1433 3136 multitudine
1443 3095 1631 3149 oppressa,
1643 3109 1730 3149 quo:
1741 3094 1905 3136 faffioni
1922 3097 1995 3138 suae

113 3152 424 3192 BACAuDARuM
436 3165 585 3190 nomen
597 3152 810 3196 indiderat,
822 3165 962 3205 pacem
975 3152 1101 3191 Gallis
1111 3152 1300 3192 reddidit.
1330 3153 1454 3192 Tunc
1467 3152 1672 3192 Caraufius
1683 3151 1837 3207 sumpta
1849 3167 1995 3208 purpu-

112 3223 152 3248 ra
163 3209 379 3248 Britannias
388 3208 610 3261 occupavit.
631 3207 801 3248 Narseus
813 3208 972 3247 Orienti
983 3207 1131 3247 bellum
1142 3209 1289 3254 intulit,
1320 3209 1694 3265 Qinquegentiani
1705 3209 1885 3250 Africam
1895 3211 1995 3251 infe-

112 3265 329 3304 staverunt:
348 3265 401 3304 ob
422 3279 508 3318 quat
528 3265 787 3304 Constantius
804 3268 840 3303 δε
850 3263 1030 3304 Galerius
1040 3265 1309 3305 Maximianus
1319 3264 1487 3306 Caesares
1496 3266 1571 3306 assu
1578 3266 1792 3307 munturin
1805 3281 1987 3322 regnum.

114 3321 725 3374 QorumConstantiusClaudii
734 3335 782 3360 ex
792 3319 868 3360 filia
879 3335 1003 3375 nepos
1012 3321 1286 3362 fuitzGalerius
1294 3323 1334 3362 in
1345 3322 1468 3362 Dacia
1478 3323 1586 3363 haud
1597 3323 1715 3378 longe
1726 3326 1746 3363 a
1755 3324 1915 3364 Serdica
1927 3339 1993 3364 na-

114 3388 188 3417 tus.
197 3379 329 3430 Atque
339 3391 383 3418 ut
392 3392 460 3418 eos
471 3378 746 3418 Diocletianus
759 3379 879 3417 ctiam
889 3378 1076 3418 affinitate
1088 3380 1370 3435 conjungeret,
1383 3380 1641 3420 Constantius
1652 3380 1876 3436 privignam
1888 3381 1991 3421 Her-

112 3434 475 3474 culiiTheodoram
488 3436 661 3488 accepit:
676 3449 725 3475 ex
739 3449 815 3488 qua
824 3435 956 3490 postea
965 3435 1028 3475 sex
1038 3436 1181 3476 liberos
1203 3437 1459 3477 Constantini
1479 3436 1614 3478 fratres
1632 3438 1782 3477 habuit.
1808 3437 1991 3477 Galerius

112 3490 231 3530 filiam
245 3491 485 3530 Diocletiani
499 3491 614 3531 duxit
628 3491 839 3532 Valeriam.
872 3493 1011 3532 Ambo
1020 3508 1161 3533 uxores
1176 3527 1184 3540 ‚
1207 3508 1305 3548 quas
1313 3494 1552 3539 habuerant,
1565 3495 1772 3549 repudiare
1783 3493 1986 3547 compulsi.

112 3547 338 3602 AEgyptum
352 3548 554 3588 Achilleus
566 3549 898 3588 obtinuitBusiris
909 3554 946 3589 ὃ(
956 3550 1115 3604 Coptos
1127 3554 1263 3590 contra
1273 3552 1482 3591 Romanos
1495 3551 1727 3591 rebellantes
1736 3551 1786 3591 ad
1794 3550 1917 3590 solum
1932 3548 1988 3586 us-

112 3617 188 3656 quc
200 3603 383 3645 subversa*
395 3605 491 3643 sunt.
515 3606 739 3659 Carporum
759 3611 795 3646 &
806 3606 1075 3648 Basternarum
1089 3619 1229 3662 gentes
1240 3608 1279 3648 in
1291 3609 1524 3649 Romanum
1538 3608 1662 3648 solum
1674 3608 1870 3648 transsatae.
1890 3604 1986 3699 scille-

1826 3674 1900 3700 xan
1932 3675 1988 3701 ria
