2366 4040
430 258 518 299 Ex
549 246 1427 298 EUSE1310‚AFR1CANO‚ET
1458 249 1650 291 ALIIS.
1712 255 1760 301 8,-

350 333 410 373 Eo
422 346 523 372 anno
537 327 760 370 Athanasius
773 323 989 378 Episcopus
999 323 1097 363 obiit
1108 326 1146 364 in
1169 324 1411 364 Alexandria
1425 323 1587 363 Pachon
1601 339 1674 365 v11
1695 334 1756 370 :&

352 387 450 428 sedit
462 401 534 440 pro
546 399 595 424 eo
615 384 749 424 Petrus
770 379 1029 432 Archipresby
1037 390 1094 418 ter
1106 394 1230 419 annos
1241 393 1286 418 v1
1301 393 1314 416 1
1325 378 1624 421 Valentiniano
1647 396 1756 424 novo

355 442 536 496 Augusto
550 444 694 493 quinto
706 444 743 479 &
758 436 1010 476 Merobaudo
1023 435 1228 475 clarissimo
1240 435 1305 474 sub
1316 434 1493 476 Palladio
1510 435 1626 489 Augu
1634 436 1756 480 stalio.

353 494 518 540 vasense
533 496 637 536 sexto
657 499 696 534 ὅ(
714 492 999 534 Valentiniano
1026 491 1297 541 Augustorum
1311 521 1321 539 ,
1344 492 1411 531 sub
1422 492 1595 532 Tatiano
1617 493 1759 549 Augu-

353 553 461 595 stalio
473 550 639 604 praeside.
657 547 824 589 Hisdem
845 546 1081 587 Consulibus
1093 545 1243 586 Valens
1254 546 1352 587 obiit
1366 564 1373 588 :
1386 552 1423 587 ἃ
1437 551 1640 602 imperium
1653 553 1759 591 obti-

353 619 518 648 nuerunt
548 605 758 644 Gratianus
780 607 818 642 &
840 600 1141 642 Valentinianus
1159 616 1298 642 novus.
1322 603 1502 644 Ausonio
1523 609 1559 644 ὃ(
1584 605 1757 661 Olybrio

352 662 640 702 clarisfimorum
656 688 665 706 ,
676 657 744 698 sub
757 658 950 698 Adriano-
975 656 1220 710 Augustalio-
1250 659 1419 700 Eusebio
1440 665 1476 700 &
1491 661 1663 713 Olybrio
1677 663 1757 703 cla-

351 717 421 756 riffi
429 731 591 762 morum,
603 713 668 755 sub
682 715 864 754 Adriano
876 745 886 760 ‚
904 712 1108 754 Gratiano
1123 713 1353 765 Augustalio
1367 724 1509 768 quarto
1522 721 1559 757 ὃς
1571 716 1757 759 Gadalai-

351 771 394 812 fo
405 771 706 813 clariffimorum.
733 771 984 824 Luppiciano
1006 774 1044 810 ὃς
1058 768 1248 821 Eutropio
1269 770 1569 810 clarissimorum-
1583 773 1758 814 Antoni-

352 842 405 867 no
420 831 458 867 ὃς
473 829 664 881 Eutropio
675 826 805 866 clariss·
841 825 908 865 sub
919 825 1102 866 Paullino
1122 824 1370 875 Augustalio.
1411 826 1469 865 Eo
1491 840 1596 866 anno
1619 829 1757 871 Petrus

354 884 645 924 Alexandrinus
660 882 810 921 obiitin
826 881 1075 923 Alexandria:
1089 883 1124 917 &
1138 879 1236 918 sedit
1248 892 1322 930 pro
1334 894 1384 920 eo
1396 879 1513 921 frater
1527 884 1608 934 ejus
1618 884 1759 925 Timo-

353 942 466 980 theus
478 952 600 979 annos
612 953 649 986 v,
669 937 824 978 Mechir
836 934 1056 977 vicenfimo·
1069 934 1252 974 Ausonio
1264 937 1301 973 &
1312 935 1482 988 Olybrio
1494 936 1670 978 secundo
1681 941 1759 981 cla-

353 996 605 1040 riffimorum,
629 994 696 1033 sub
717 992 891 1032 Baffiano
909 989 1081 1030 Praefide-
1105 990 1163 1028 Eo
1185 1002 1291 1028 anno
1309 989 1562 1033 Theodosius
1582 995 1758 1036 elevatus

356 1051 458 1091 estin
470 1050 636 1103 imperio
648 1078 659 1096 ‚
670 1048 736 1088 sub
749 1048 937 1088 Gratiano
949 1046 1189 1097 Imperatore
1199 1046 1238 1083 in
1251 1043 1391 1086 Sirmio
1405 1059 1474 1088 xxv
1487 1047 1573 1089 Kal.
1587 1048 1755 1090 Februa-

356 1109 427 1146 rias
446 1109 501 1145 z&
515 1105 825 1159 regnavitannos
837 1116 923 1144 xv1.
948 1101 1068 1140 Dedit
1080 1099 1322 1140 Consulatus
1346 1115 1361 1140 1
1375 1116 1388 1141 1
1402 1117 1416 1141 1
1433 1103 1628 1145 Gratiano
1641 1108 1757 1159 quin-

355 1174 399 1202 to
414 1166 449 1200 ὃς
462 1159 696 1200 Theodosio
707 1159 835 1211 ptimo
848 1156 1040 1197 nobilium
1054 1155 1412 1209 Augustorum,sub
1428 1158 1606 1211 Hypatio
1619 1162 1758 1214 Augu-

354 1216 477 1257 stalio-
492 1215 652 1267 Suagrio
664 1217 702 1254 &
714 1214 882 1253 Eucerio
895 1212 1127 1252 clariffimor-
1136 1210 1202 1251 sub
1212 1211 1430 1252 Antonino
1442 1215 1557 1265 Augu
1565 1215 1685 1257 stalio-
1696 1217 1757 1256 Eo

355 1285 462 1311 anno
482 1271 632 1309 occisus
651 1269 707 1309 est
729 1269 937 1308 Gratianus
958 1267 1177 1320 Imperator
1210 1267 1278 1307 sub
1298 1268 1480 1309 Maximo
1501 1271 1697 1325 Tyranno
1716 1273 1757 1312 in

353 1326 547 1366 Leududa
557 1340 602 1365 v1
615 1341 648 1365 11
661 1323 998 1377 Kal.Septembris-
1012 1324 1060 1364 Et
1071 1323 1214 1364 eodem
1227 1337 1332 1363 anno
1343 1337 1554 1366 coronatus
1567 1327 1671 1367 estin
1685 1330 1757 1367 im-

354 1383 467 1435 perio
483 1381 677 1421 Arcadius
689 1381 727 1419 in
741 1379 1137 1433 Constantinopolim
1149 1393 1173 1418 v
1186 1379 1279 1419 Idus
1293 1380 1526 1433 Septembris
1542 1382 1758 1424 Richome-

355 1438 643 1478 do&Clearco
666 1435 899 1475 clariffimor-
922 1434 989 1474 sub
1000 1437 1142 1476 eodem
1165 1435 1387 1475 Antonino.
1412 1436 1472 1476 Eo
1493 1452 1600 1478 anno
1614 1439 1758 1479 Timo-

355 1493 467 1533 theus
480 1489 696 1546 Episcopus
710 1491 960 1532 Alexandrus
971 1491 1069 1532 obiit
1082 1490 1182 1544 Epifi
1194 1505 1276 1530 xxv
1287 1506 1300 1530 1
1311 1495 1359 1532 .&
1371 1491 1467 1532 sedit
1477 1507 1550 1547 pro
1562 1508 1613 1534 eo
1623 1493 1758 1534 Theo-

355 1548 485 1602 philus
498 1549 811 1588 Archidiaconus
821 1560 943 1586 annos
955 1560 1034 1586 xxv
1043 1561 1056 1587 1
1069 1561 1084 1587 1
1095 1564 1110 1587 1
1125 1562 1133 1586 :
1155 1550 1193 1586 ὃς
1211 1547 1300 1588 illos
1311 1546 1515 1601 sacrilegos
1526 1552 1759 1591 extermina-

355 1605 422 1644 vit-
438 1604 613 1643 Arcadio
632 1603 811 1656 Augusto
822 1601 906 1642 filio
927 1601 1146 1642 Theodosii
1167 1608 1204 1643 ὃς
1225 1602 1414 1643 Baudone
1433 1604 1667 1646 clarisfimor-
1690 1605 1757 1646 sub

354 1659 564 1699 Florentio
575 1659 815 1712 AugustaliO.
832 1658 890 1697 Eo
901 1672 1007 1698 anno
1019 1670 1128 1698 natus
1137 1659 1192 1700 est
1204 1659 1410 1700 Honorius
1421 1659 1461 1701 in
1473 1661 1756 1702 Constantino-

355 1716 481 1769 polim
494 1743 505 1761 ,
528 1727 553 1754 v
573 1714 665 1755 Idus
684 1713 1218 1769 SeptembrisNalentiniano
1240 1715 1424 1768 Augusto
1438 1730 1495 1765 111,
1509 1722 1546 1757 ὃς
1559 1717 1756 1771 Eutropio

356 1769 660 1811 clarisfimorum.

367 1935 912 1978 EXCERPTORUM
949 1936 1709 1980 CHRONOLOGICORUM

788 2148 1229 2192 .F1NIS.
