2366 4040
664 280 927 323 LIBER
982 271 1430 322 rani-mss·
1516 271 1520 274 ’
1766 252 1769 256 ’
1882 297 1962 336 279

122 345 356 402 ’ἱῑοὶυδείκπκὸς
371 352 534 408 probare
542 350 690 396 dicitur,
700 356 789 406 quia
798 344 942 392 bisexto
951 348 1096 389 creatus
1106 347 1189 394 fuit,
1197 347 1290 388 teste
1300 344 1546 386 Marcei-ino.
1584 343 1700 383 Anno
1711 357 1838 385 autem
1847 348 1962 387 Chri-

128 412 171 452 sti
183 409 379 467 proposito
392 408 577 448 bistictum
585 409 833 463 competebat
846 438 855 446 .
886 408 990 461 Ergo
1002 419 1049 445 eo
1057 418 1162 445 anno
1174 416 1321 445 creatus
1334 402 1404 442 fuit
1413 403 1499 457 Imp·
1511 431 1520 440 .
1543 400 1665 455 quue
1679 414 1957 455 argumentum.

128 466 236 524 quod
245 469 376 506 nititur
387 464 601 504 charactere
614 464 756 507 caelesti,
771 463 825 504 est
839 457 1068 509 Σπὸέκπκὸν,
1081 471 1201 515 quum
1215 474 1283 516 per
1291 459 1544 499 adiectionem
1552 470 1743 497 annorum
1752 456 1864 511 poffit
1875 471 1963 511 pec-

131 527 207 566 cari
218 534 283 563 aut
299 526 543 575 wkgovaeq‘f
552 519 604 572 ³65³
617 519 902 570 viia-&nyipoevom
925 528 991 557 aut
1001 520 1269 572 μεωχξονισμῷ
1276 513 1371 568 asa-'o‘
1381 514 1536 568 ἐπέμενον.
1569 514 1714 568 Aliquis
1726 517 1830 552 enirn
1841 516 1966 566 potuit

131 582 254 634 legere
262 593 288 617 -a
300 576 544 618 Constantini
554 576 689 630 Magni
699 579 822 623 initio,
830 573 878 614 ad
888 576 1042 626 initium
1052 573 1309 613 Valentiniani
1323 575 1448 627 primi,
1471 568 1543 610 eise
1552 583 1673 609 annos
1690 574 1763 609 ῖΠιξ
1799 567 1872 607 Sed
1882 572 1970 620 quia

130 642 320 678 incertum
332 632 456 687 potest
468 630 540 671 effe
553 635 705 670 initium
723 629 988 674 Constantini,
1012 632 1078 685 qui
1088 633 1197 669 citius
1210 628 1302 668 illud
1317 631 1526 683 putauerit,
1542 632 1582 666 in
1598 630 1706 665 annis
1725 637 1884 683 quoque
1900 624 1972 662 Vaff

134 692 328 734 lentiniani
337 688 513 742 peccabit
526 702 709 742 mgnum·
740 690 779 741 ῴῖ
799 690 866 741 qui
875 686 998 727 serius,
1026 690 1249 726 committet
1265 687 1541 764 utmfflouca-WJ.
1579 684 1747 722 Vnicum
1761 679 1975 721 remedium

135 748 197 792 est,
206 747 232 786 fi
245 745 323 785 fieri
334 742 471 799 potest,
480 742 672 782 character
685 705 848 788 afficitis,
858 756 940 796 quae
950 742 1004 781 est
1024 742 1203 792 ςυιχείωως
1211 736 1411 789 Σπυὸᾆκκκῆ
1420 768 1429 782 ,
1455 739 1611 794 quando
1622 738 1779 793 quidem
1797 735 1976 776 interual—

133 806 212 844 lum
221 802 270 842 ab
277 800 438 855 epocha.
458 798 508 839 ad
516 799 710 854 epocham
720 827 730 842 ,
745 814 830 855 quae
841 797 1107 840 estidiotarum
1118 797 1462 852 Chronographia,
1484 800 1674 835 incertum
1688 794 1759 835 effe
1771 792 1918 850 potest,
1939 796 1976 829 ἃς

136 862 252 900 errori
270 857 360 897 ideo
382 869 661 912 opportunum.

80 916 137 957 '51'1‘1
167 912 442 969 οἰναχςονιο-μὸς]
465 913 587 952 Aliter
599 911 738 952 dicitur
757 910 1102 967 οἱνσιγωγῆτὲχςὸνε,
1113 908 1243 960 οἰνάγᾷν
1257 909 1437 966 τὸνρῑςόνον,
1454 919 1496 945 ut
1507 907 1752 947 vetustiffimo
1765 904 1979 946 Scholiasta:

138 972 300 1014 Pindari,
315 970 516 1010 Nemeaeo
538 976 614 1005 ν’ῡ.

83 1042 112 1082 P
122 1052 149 1080 ο
161 1053 178 1079 s
191 1052 217 1078 T
231 1052 256 1077 v
274 1052 296 1077 L
309 1050 334 1076 A
349 1051 374 1076 τ
389 1050 413 1075 ν
428 1036 501 1093 Μ.]
533 1036 725 1090 Dynastiae
739 1037 1020 1092 Aegyptiorum
1028 1038 1220 1090 incipiunt
1231 1049 1252 1073 a
1265 1035 1503 1090 temporibus
1513 1062 1523 1079 ,
1547 1048 1629 1088 quae
1639 1032 1801 1072 modum
1817 1036 1855 1070 δε
1867 1043 1984 1086 caput

81 1143 85 1146 ⁴
140 1094 444 1153 periodiluliana:
451 1091 655 1132 excedunt.
682 1093 890 1147 Qiavcro
903 1089 1175 1132 eaeneceffariae
1189 1089 1273 1130 sunt
1283 1091 1495 1131 admodum
1505 1119 1513 1133 ,
1536 1090 1644 1145 quod
1659 1090 1705 1128 ab
1717 1092 1855 1144 ignotis
1871 1093 1909 1125 δι
1920 1088 1985 1125 ab-

142 1150 384 1200 strufisinitijs
393 1147 570 1205 profe&ae
583 1151 624 1187 in
633 1160 785 1203 tempus
803 1147 1028 1188 historicum
1047 1147 1310 1190 deducuntur,
1334 1147 1500 1202 ideoque
1514 1163 1534 1186 a
1552 1147 1662 1186 nobzs
1684 1143 1891 1184 retinendae
1906 1143 1987 1182 fue-

142 1219 231 1248 runt
240 1234 252 1252 ,
269 1220 318 1246 ne
329 1218 410 1246 tam
419 1205 625 1260 pulchrum
640 1216 865 1259 temporum
879 1204 1077 1245 vinculum
1090 1208 1475 1259 interrumperemus:
1497 1217 1701 1260 propterea
1716 1199 1990 1258 postulandum
2031 1227 2033 1229 ·

144 1265 224 1308 fuit,
236 1276 279 1303 ut
285 1263 396 1302 aliam
403 1260 607 1317 periodum
615 1260 801 1300 lulianam
807 1260 919 1301 nobis
929 1259 1105 1316 usurpare
1117 1261 1229 1300 liceat
1240 1259 1429 1316 tantisper,
1442 1261 1537 1301 dum
1547 1262 1735 1314 reliquum
1744 1257 1791 1296 ad
1802 1271 1899 1300 eam,
1907 1269 1956 1309 qu
1963 1269 1991 1294 te

144 1334 250 1361 nunc
262 1322 390 1363 currit,
400 1324 438 1357 &
450 1331 569 1374 quam
583 1316 633 1356 ad
640 1321 858 1357 notationes
869 1330 1095 1373 temporum
1104 1323 1405 1372 excogita-aimus
1421 1348 1430 1362 ,
1453 1317 1645 1357 deducere
1653 1313 1855 1371 poffemus.
1888 1314 1992 1366 Qo

145 1380 249 1416 enim
261 1389 327 1415 ore
339 1376 488 1413 abiectis
501 1385 665 1427 quatuor
671 1373 860 1427 prioribus
873 1373 1082 1426 Dynastijs,
1103 1374 1152 1411 ad
1162 1377 1338 1424 quintam
1347 1374 1479 1412 saltum
1489 1373 1665 1414 facerem,
1676 1369 1783 1425 quod
1794 1367 1859 1406 sub
1873 1382 1916 1406 ea
1929 1380 1996 1421 pc-

142 1430 270 1471 riodus
281 1430 425 1466 Iuliana
432 1432 584 1464 initium
593 1431 706 1479 capit,
718 1427 871 1476 reliquae
879 1424 1154 1463 antecedentes
1166 1436 1257 1462 ante
1266 1439 1382 1479 caput
1392 1428 1551 1479 periodi,
1567 1433 1603 1465 δε
1611 1439 1715 1464 extra
1728 1429 1803 1463 eius
1816 1423 1907 1462 fines
1918 1422 1996 1461 fu&

144 1493 253 1526 runt?
277 1481 415 1523 Rursus
424 1478 630 1537 quomodo
648 1481 805 1519 initium
818 1479 969 1533 periodi
979 1478 1131 1517 Iulianae
1148 1479 1594 1535 Constantinopolitanae
1607 1488 1714 1521 ccrt'o
1737 1478 1995 1533 defignauero,

146 1555 230 1596 quae
241 1539 374 1580 nostrae
383 1549 500 1593 caput
506 1537 705 1576 anteuenit
727 1538 835 1572 annis
855 1540 1002 1571 ὄπι-(πθ
1020 1533 1106 1572 Iure
1120 1537 1235 1587 igitur
1241 1535 1344 1574 hanc
1355 1540 1507 1587 veniam
1520 1542 1706 1592 petimus,
1728 1549 1837 1575 more
1845 1535 2001 1574 Mathe-

148 1600 388 1638 mancorum,
410 1606 453 1632 ut
461 1593 574 1631 aliam
581 1587 788 1645 periodum
799 1588 911 1628 nobis
926 1586 1103 1643 usurpare
1111 1589 1236 1629 liceat.
1269 1591 1305 1628 Si
1315 1594 1419 1629 enim
1428 1592 1634 1646 periodum
1644 1590 1861 1632 assumimus
1869 1619 1881 1636 ,
1896 1604 2001 1630 cuius

147 1656 298 1694 initium
305 1651 496 1703 antiquius
507 1646 560 1687 est
568 1644 943 1700 temporehistorico
952 1671 963 1689 ‚
978 1658 1047 1684 cur
1055 1658 1139 1684 non
1152 1644 1292 1684 eodem
1311 1649 1391 1686 iure
1402 1652 1519 1686 etiarn
1531 1651 1571 1686 in
1591 1647 1786 1695 infinitum
1799 1649 1885 1688 alias
1900 1649 2002 1703 Epo-

150 1709 241 1750 chas
253 1704 434 1746 assumere
441 1704 564 1748 liceat,
581 1714 665 1757 quae
676 1700 838 1756 periodo
846 1700 975 1741 nostra
985 1701 1129 1741 Iuliana
1135 1701 1265 1741 multis
1273 1704 1444 1758 partibus
1453 1707 1688 1758 antiquiores
1697 1703 1782 1742 sint?
2002 1706 2005 1711 “

387 1824 720 1870 EPOCHAE
762 1824 1168 1867 TEMPORIS
1207 1826 1700 1869 PROLEPTICI

95 1971 116 2004 ῖ
145 1958 235 2004 ..Ad
234 1959 392 2013 primam
401 1953 631 2010 Dynastian.]
662 1951 708 1992 In
718 1952 971 1993 Colle&aneis
983 1951 1119 1992 nostris
1130 1952 1358 1993 exhibemus
1374 1953 1712 1995 luculentiffimum
1730 1956 2006 2010 fragmentum

155 2016 204 2055 ὡς
215 2016 242 2056 ᾧ
251 2011 350 2054 mass
363 2013 560 2065 Αφμκανέ
568 2009 760 2057 πινπιβίλε
773 2012 1008 2065 [κανολογκῖ
1005 2025 1022 2053 ς
1044 2008 1094 2048 de
1104 2009 1296 2063 Dynastijs
1310 2012 1594 2066 Acgyptiorum
1610 2025 1656 2050 ex
1664 2011 1801 2051 Tomis
1812 2011 2004 2062 Manetho

155 2072 334 2126 Aegypti)
356 2067 584 2108 Sacerdotis.
602 2079 685 2121 quae
701 2065 862 2121 quidem
881 2064 1073 2120 Dynastiae
1091 2070 1253 2120 quanuis
1263 2067 1452 2107 Mosaicas
1467 2067 1727 2121 ὶέξχωιολογίοις
1751 2069 1869 2122 longo
1890 2071 2006 2106 inter-

157 2128 256 2167 uallo
266 2123 517 2165 antecedunt,
535 2135 666 2162 tamen
683 2126 772 2178 quia
792 2120 956 2178 pulchro
972 2121 1108 2163 ordine
1124 2122 1276 2178 digestae
1294 2122 1401 2169 sunt,
1425 2129 1464 2163 &
1486 2127 1551 2164 iub
1564 2126 1739 2164 medium
1750 2137 1900 2178 tempus
1916 2137 2009 2162 cum

158 2179 433 2224 Historiasacra
442 2182 544 2235 paria
553 2177 712 2222 faciunt,
737 2178 886 2218 illarum
900 2183 1091 2219 memoria
1108 2179 1370 2220 conseruanda
1389 2180 1460 2224 est=²
1485 2186 1525 2220 ὃ(
1539 2185 1578 2220 in
1586 2180 1794 2236 priscarum
1813 2181 2008 2232 originum

157 2237 291 2280 seriem
299 2235 522 2291 digerenda.
554 2236 782 2276 Herodotus
797 2234 1077 2278 vetustissimus,
1100 2251 1145 2276 ac
1162 2235 1391 2276 suauiffirnus
1408 2236 1587 2291 scriptor,
1603 2240 1644 2274 in
1655 2240 1760 2275 cuius
1775 2235 1930 2274 sacraria
1943 2235 2011 2275 soli

157 2294 260 2334 doen
267 2293 418 2332 admitti
427 2289 590 2348 possunt,
612 2306 717 2348 reges
731 2291 890 2346 quidem
898 2293 1064 2348 Aegypti
1076 2292 1339 2333 vetustiffimos
1349 2292 1534 2335 recenset,
1555 2289 1619 2332 scd
1628 2293 1801 2339 βασιλεῖς,
1812 2305 1894 2331 non
1900 2286 2011 2330 δμωί-

157 2367 221 2394 ext
237 2359 355 2388 vocat
367 2373 378 2388 ‚
402 2360 530 2401 neque
542 2361 614 2401 per
631 2352 837 2386 nationum
849 2344 1097 2389 discrimina,
1123 2351 1288 2391 Θαωτῶν,
1314 2332 1528 2402 &mvn-dir,
1547 2345 1734 2396 Θηβαίων,
1754 2361 1796 2388 ut
1811 2346 1903 2387 fecit
1921 2348 2010 2387 Ma-

161 2403 284 2445 netho
294 2431 306 2448 ‚
322 2400 915 2458 cuihaeccxploratiorafuerunt,
929 2414 1069 2457 utpote
1086 2408 1125 2441 &
1138 2404 1333 2458 Aegyptio
1344 2433 1353 2447 ‚
1378 2411 1415 2443 ὃ(
1430 2404 1649 2449 Sacerdoti,
1666 2419 1786 2460 quam
1799 2404 2010 2444 Herodoto

161 2460 313 2502 homini
325 2460 536 2513 peregrino,
552 2461 660 2496 &cui
672 2471 740 2510 per
749 2459 934 2495 malitiam
944 2456 1137 2497 vaferrimi
1149 2460 1258 2512 Aegy
1289 2463 1316 2498 ti
1314 2464 1329 2508 j
1343 2464 1545 2514 imponere
1554 2474 1781 2515 potuerunt,
1790 2473 1855 2499 aut
1862 2465 1928 2515 qui
1942 2474 2011 2515 per

164 2517 293 2571 lingue
299 2515 528 2569 Aegyptiace
536 2510 718 2551 inscitiam
725 2524 859 2550 verum
869 2524 915 2550 ex
923 2510 1076 2550 illorum
1087 2512 1207 2551 relatu
1218 2528 1238 2550 a
1269 2517 1448 2567 equinon
1457 2516 1743 2569 potuit.Illustre
1756 2530 1846 2554 vero
1855 2516 1908 2555 est
1918 2516 2011 2558 hoc,

100 2590 111 2602 ·
164 2570 392 2628 quodpnmi
403 2568 638 2624 publicamus
647 2595 659 2612 ‚
679 2567 947 2620 Dynastiarum
957 2568 1233 2622 Aegyptiarum
1242 2574 1532 2610 monimentum
1544 2586 1566 2610 a
1579 2571 1674 2611 Iulio
1692 2571 2012 2611 Africanofideli-

166 2640 225 2670 ter
235 2625 457 2683 expositum,
466 2624 514 2664 ab
524 2624 683 2664 Eusebio
696 2635 824 2664 autem
839 2626 1162 2668 contaminatum,
1178 2630 1216 2663 δε
1225 2626 1352 2665 multis
1361 2627 1530 2680 partibus
1544 2626 1819 2671 deformatum,
1839 2640 1882 2666 ut
1889 2627 1939 2667 ad
1950 2642 2010 2668 eas

167 2688 348 2777 rationiesss
358 2695 449 2776 quas
460 2679 535 2738 ipse
543 2693 787 2721 commentus
800 2679 862 2723 est,
873 2680 1054 2737 applicari
1062 2679 1202 2737 poffet:
1224 2696 1345 2736 quum
1354 2687 1482 2738 potius
1493 2684 1540 2723 ab
1552 2684 1620 2723 illis
1631 2683 1708 2723 suas
1718 2689 1881 2724 rationes
1891 2684 2012 2724 dedu-

171 2745 258 2779 cere
302 2752 322 2777 e
350 2741 387 2777 ui
417 2749 466 2777 ct.

121 2818 151 2849 ῖι
168 2810 227 2849 Ad
224 2810 408 2864 periodum
417 2809 595 2849 lulianam
605 2808 751 2862 Ecclefiae
766 2808 1187 2867 Constantinopolitanae]
1197 2807 1249 2865 ψη
1254 2817 1299 2863 φο
1304 2810 1423 2865 (poda.
1433 2822 1656 2871 temporum
1669 2826 1690 2850 a
1702 2810 1863 2851 conditu
1872 2825 2011 2858 rerum,

175 2879 257 2919 qua:
265 2865 314 2904 ab
320 2863 487 2915 Ecclefijs
502 2865 672 2906 Orientis
680 2871 720 2905 in
731 2865 793 2906 usu
800 2865 922 2921 posita
929 2866 1045 2911 est‚ea
1053 2865 1116 2909 est.
1129 2880 1212 2920 quae
1223 2865 1434 2906 secundum
1449 2872 1506 2903 ἰῖκ
1524 2868 1727 2907 Seniorum
1741 2867 1953 2907 editionem
1963 2869 2012 2908 ab

177 2921 312 2963 Adam,
323 2920 371 2960 ad
378 2920 583 2964 Christum,
598 2936 717 2962 annos
728 2934 907 2964 numerat
916 2922 1065 2978 praecise
1086 2936 1154 2973 550
1162 2940 1197 2963 0.
1227 2923 1321 2962 Earn
1330 2923 1545 2967 Maronitae‚
1561 2924 1685 2963 Graeci
1694 2923 1772 2979 ipsi,
1787 2929 1824 2963 δε
1832 2925 2013 2979 pleraque

177 2981 303 3018 omnis
316 2976 477 3016 Ecclesia
486 2978 786 3034 Orientis,atque
795 2979 894 3020 adeo
903 2979 1299 3034 Aethiopes‚retinent
1306 2980 1488 3020 haetenus
1500 2997 1507 3019 :
1520 2980 1559 3020 id
1571 2981 1685 3025 est‚ab
1696 2980 1887 3025 Adam,ad
1897 2982 2014 3022 Chri-
2046 3002 2049 3005 «

178 3033 293 3076 stum,
315 3038 677 3090 annorumquinque
686 3036 800 3076 millia
808 3040 1039 3091 quingentos
1050 3036 1228 3077 statuunt.
1254 3037 1398 3091 Qum
1410 3049 1540 3077 autem
1554 3038 1730 3077 Graeciea
1743 3051 1825 3077 non
1832 3036 1952 3077 solum
1964 3037 2014 3078 ad

180 3093 405 3130 memoriam
415 3103 647 3146 temporum.
659 3091 842 3134 sedetiam
849 3092 898 3132 ad
909 3093 1100 3149 Computi
1110 3093 1595 3144 Ecclefiasticimethodurn
1604 3098 1658 3133 uti
1667 3094 1870 3136 venene-ad
1882 3108 2014 3134 utrunae

182 3160 257 3200 quc
266 3147 411 3200 cyclum
419 3161 502 3187 eam
511 3149 795 3190 accommodari
805 3148 911 3205 posse
919 3163 1001 3190 non
1010 3149 1248 3190 dubitabant:
1264 3150 1312 3189 ad
1320 3148 1429 3190 solius
1441 3163 1572 3189 autem
1581 3150 1800 3190 Indffloms
1814 3151 1945 3191 inuesti
1948 3165 2011 3206 ga-

183 3207 329 3242 tionem
336 3205 505 3258 ineptam
518 3202 589 3244 esse
600 3204 790 3247 videbant.
809 3207 853 3245 In
860 3206 968 3261 cyclo
976 3210 1094 3251 enim,
1102 3219 1144 3246 ut
1151 3207 1238 3246 alibi
1247 3206 1420 3248 diximus,
1431 3206 1581 3246 nullum
1590 3207 1643 3246 est
1652 3211 1804 3246 initium
1822 3207 1935 3260 φύσει,
1950 3205 2013 3246 sed

185 3258 374 3300 ogmldeo
386 3273 407 3298 a
420 3260 591 3314 quolibet
602 3275 704 3302 anno
715 3266 868 3303 initium
879 3263 974 3318 cycli
984 3261 1166 3302 paschalis
1175 3263 1313 3303 deduci
1327 3262 1461 3318 potest,
1475 3262 1570 3303 dum
1581 3267 1751 3303 terminis
1766 3263 2012 3304 Paschalib&

186 3315 355 3356 nouiluni
355 3318 386 3366 js
396 3319 585 3372 integritas
595 3316 655 3356 sua
664 3319 812 3360 constet
821 3351 829 3360 .
864 3319 908 3358 In
921 3334 968 3359 eo
978 3322 1082 3359 enit-n
1090 3333 1172 3360 non
1182 3324 1331 3359 numeri
1339 3333 1533 3359 annorum
1550 3333 1615 3360 aut
1626 3321 1768 3360 ordinis
1789 3326 1883 3361 ratio
1897 3319 2012 3359 habe-

187 3386 257 3414 tur,
271 3370 330 3411 sed
338 3373 530 3423 nouilunij.
564 3375 618 3413 Vt
627 3373 732 3428 quod
743 3405 753 3419 ‚
768 3375 932 3431 exempli
945 3379 1076 3431 gratia,
1087 3379 1127 3415 in
1141 3383 1219 3412 iffi
1236 3376 1365 3425 Martij
1376 3375 1512 3416 inc1dit
1522 3405 1533 3422 ‚
1558 3378 1646 3415 &in
1657 3375 1821 3417 Paschali
1831 3379 2010 3416 Romano

187 3429 240 3470 est
251 3441 369 3468 annus
380 3432 522 3483 primus
530 3434 629 3469 aurei
641 3437 804 3476 numeri,
826 3431 866 3471 id
875 3432 1101 3471 nihilobstat
1113 3431 1186 3473 effe
1207 3437 1381 3477 tertium,
1402 3446 1598 3486 quartum,
1610 3437 1801 3488 quintum.
1836 3433 1877 3471 In
1891 3430 2012 3482 Cyclo

189 3498 343 3541 quoquc
357 3484 582 3524 Solariidcm
598 3489 669 3525 erit
680 3514 688 3523 .
721 3487 830 3527 Nihil
845 3492 949 3528 enim
959 3487 1098 3531 officit,
1120 3492 1213 3543 quin
1225 3493 1290 3543 qui
1302 3488 1355 3528 est
1367 3493 1512 3543 primus
1531 3503 1653 3530 annus
1667 3492 1761 3534 cycli
1776 3490 1957 3528 Romani,
1979 3473 2013 3524 R·

188 3541 300 3598 poffit
309 3539 380 3581 esse
390 3539 684 3582 tertiusdecimus
698 3542 787 3582 alius
798 3545 902 3599 cycli.
932 3545 1039 3585 Nam
1047 3548 1113 3601 qui
1124 3544 1177 3585 est
1186 3552 1239 3585 ᾖ
1261 3545 1355 3599 cycli
1376 3545 1561 3591 Romani,
1569 3551 1597 3586 is
1607 3547 1661 3586 est
1672 3535 1812 3601 primus
1824 3555 2014 3581 annorum

1384 3602 1420 3642 A
1434 3616 1456 3641 a
1510 3605 1537 3643 ii
1783 3600 2014 3638 Iulianorum
