2366 4040
608 196 624 211 *-

419 264 499 302 204
736 246 2014 294 CANONvMisAGOG1conM

472 321 710 377 Aegyptiaci,
721 332 802 358 non
817 316 956 355 Iuliani.
989 315 1046 354 Ita
1057 327 1173 368 quam
1182 313 1407 354 exactifflme
1413 313 1492 353 fieri
1500 315 1638 370 potest,
1651 317 1766 354 trium
1778 313 2006 356 bisextorum
2017 320 2219 374 expunffio
2230 331 2302 358 tres

474 376 655 417 Periodos
665 378 830 413 minores
847 369 996 410 claudit.
1031 371 1143 425 Qia
1156 373 1260 410 enim
1269 373 1339 410 tria
1349 382 1502 410 tantum
1516 371 1654 410 bisexta
1671 370 1898 421 abijciuntur
1908 399 1920 416 ,
1936 383 1997 411 ter
2015 384 2165 414 tantum
2179 376 2304 429 cyclus

474 433 569 473 Solis
580 433 777 472 Romanus
785 439 970 466 mutatur.
1003 426 1125 466 Hunc
1145 426 1295 481 cyclum
1308 427 1534 467 rationalem
1551 441 1750 470 vocamus,
1772 430 1860 482 quia
1884 427 2205 471 demonstratione
2219 435 2304 470 nitiss

472 500 550 528 tur:
570 499 685 540 quern
699 497 788 523 cum
799 483 946 522 Liliano
955 482 1213 524 commisimus
1233 495 1417 537 tanquam
1430 497 1499 538 par
1518 483 1646 522 nobile
1664 483 1934 538 gladiatorum,
1960 496 2002 523 ut
2019 484 2209 525 videamus
2228 490 2303 525 utri

434 551 438 555 ’
472 542 611 583 tribuat
629 542 781 580 ViHoria
787 539 962 594 palmam.
992 537 1083 576 Tria
1095 537 1234 578 bisexta
1247 543 1287 577 in
1306 553 1353 579 eo
1375 543 1416 579 in
1425 539 1501 579 fine
1509 542 1623 579 trium
1637 543 1891 579 centuriarum
1906 553 2095 579 annorum
2110 542 2302 581 tolluntur,

473 598 634 651 Reliqua
642 599 812 635 centuria
820 594 935 633 habet
943 594 1127 633 bisextum
1138 594 1371 634 ordinarium
1385 599 1426 634 in
1436 595 1523 635 fine.
1554 596 1686 650 Itaque
1694 597 1740 635 ab
1748 609 1850 636 anno
1869 610 1914 646 30
1922 595 1943 636 o
1963 596 2057 634 illius
2072 596 2304 636 Tetracofie‘-

471 653 624 695 teridos,
638 651 685 691 ad
696 665 839 689 annum
864 664 934 689 100
954 648 1140 703 sequentis
1152 650 1522 695 Tetracofieteridos,
1538 666 1606 706 per
1627 667 1705 692 200
1721 666 1841 693 annos
1852 656 2020 707 integros
2033 652 2180 691 nullum
2189 652 2315 693 bisex-,

471 721 554 749 tum
568 712 805 763 expungitur.
839 705 1062 745 Hocmodo
1076 705 1382 746 Tetracosieteris
1396 707 1540 746 Liliana
1551 712 1588 746 in
1599 722 1762 762 quatuor
1771 713 1972 753 centurias,
1984 722 2166 763 tanquam
2179 704 2313 763 perio-¹¹

471 765 539 805 dos
552 768 718 803 minores
733 763 873 802 tributa
881 762 934 801 est
945 761 1135 815 ,ideoque
1150 774 1313 815 quatuor
1320 761 1442 801 literas
1452 764 1609 802 initiales
1621 764 1738 803 habet
1757 766 1813 808 G,
1831 766 1858 803 B
1868 791 1876 806 ‚
1901 765 1956 807 D,
1979 764 2024 803 F:
2046 778 2166 819 quum
2179 764 2302 818 cyclus

470 820 659 860 rationalis
668 831 740 858 tres
754 830 906 857 tantum
919 817 1078 862 habeat,
1096 821 1183 871 quia
1194 818 1317 873 plures
1330 818 1510 872 periodos
1520 832 1602 858 non
1609 820 1736 859 habet.
1770 820 1854 859 Tot
1866 825 1968 859 enim
1979 820 2128 875 periodi
2138 824 2303 859 minores

469 880 721 930 requiruntur,
735 888 831 929 quot
842 871 979 913 bisexta
989 874 1196 918 tolluntur,
1219 879 1256 913 δε
1264 888 1310 913 ex
1317 874 1460 929 duplici
1470 874 1575 914 litera
1597 876 1688 917 AG,
1711 890 1794 929 quae
1802 875 2141 922 Tetracofieterida
2151 875 2304 919 claudit,

468 933 653 988 posterior
661 936 826 986 pertinet
833 930 881 969 ad
889 943 1033 969 annum
1044 933 1214 984 primum
1224 930 1587 970 Tetracosieteridos
1600 930 1797 985 sequentis.
1815 933 1867 970 At
1876 931 2182 971 Tetracosieteris
2196 932 2306 969 Lilia-

467 1003 517 1027 na
532 987 727 1028 constituit
745 987 924 1025 ultimum
939 1000 1082 1024 annum
1103 985 1310 1025 bisextilem
1330 990 1370 1024 in
1386 985 1529 1041 duplici
1543 987 1650 1026 litera
1664 988 1751 1028 BA,
1783 993 1821 1025 &
1843 1002 1894 1030 ex·
1911 987 2044 1027 ordine
2059 987 2154 1041 cycli
2171 987 2304 1026 Solaris

467 1044 632 1100 sequitur
646 1044 683 1083 G
697 1041 1000 1096 initiosequentis
1012 1041 1383 1082 Tetracoiieteridos.
1419 1043 1711 1097 Reliquaeliterae
1725 1044 1767 1086 B,
1784 1044 1824 1081 D
1834 1071 1843 1087 ,
1855 1044 1881 1081 F
1895 1042 2305 1098 suntposterioresinil-

466 1101 509 1139 lis
523 1099 679 1142 bisextis‚
700 1112 782 1153 qua:
791 1111 990 1153 perempta
1003 1096 1104 1137 sunt:
1124 1110 1168 1137 ut-
1178 1111 1285 1153 patet
1296 1113 1341 1138 ex
1350 1098 1499 1137 Tabula
1508 1098 1714 1154 proposita.
1745 1100 1806 1138 Sic
1819 1113 1891 1154 pro
1899 1100 2016 1138 tribus
2027 1101 2140 1138 literis
2153 1102 2306 1153 imperi-

467 1155 601 1196 tissime
612 1167 776 1210 quatuor
787 1148 914 1193 habet.
946 1156 1099 1194 Clauius
1113 1154 1207 1194 dicit
1214 1153 1285 1194 effe
1297 1152 1448 1194 tantum
1461 1168 1552 1198 tres,
1575 1169 1643 1211 per
1651 1155 1942 1210 impudentiam,
1958 1170 2007 1195 an
2017 1169 2086 1211 per
2098 1155 2306 1209 stuporem,

465 1212 629 1252 viderint
638 1215 702 1265 qui
714 1224 803 1250 eum
811 1210 1039 1257 familiariter
1049 1222 1204 1250 norunt.
1236 1211 1353 1250 Certe
1366 1210 1414 1251 de
1429 1211 1582 1265 stupore
1590 1226 1668 1266 quo
1682 1215 1807 1250 minus
1818 1211 1992 1251 dubitem
2000 1239 2011 1256 ,
2032 1210 2193 1266 ipsemet
2204 1210 2303 1254 facit,

466 1272 554 1322 quia
564 1281 683 1322 quum
690 1267 768 1307 hoc
776 1266 973 1306 meindice
991 1265 1250 1322 cognouiss'et,
1268 1266 1365 1306 adeo
1379 1268 1586 1306 nouumilli
1596 1267 1713 1307 visum
1729 1267 1800 1312 est,
1819 1280 1861 1307 ut
1875 1281 1922 1307 ex
1939 1268 2022 1310 illis,
2046 1281 2128 1321 quae
2139 1266 2187 1305 ad
2201 1267 2307 1306 obie-

466 1327 635 1364 &tionem
643 1324 745 1363 hanc
759 1323 1027 1362 declinandam
1037 1322 1200 1377 profert,
1216 1323 1410 1378 perspicue
1419 1323 1608 1367 ostendat,
1629 1322 1679 1366 se,
1700 1337 1749 1362 ne
1764 1337 1848 1362 tum
1869 1323 2045 1378 quidem,
2068 1336 2188 1376 quum
2199 1323 2305 1361 illum

465 1379 671 1420 scabiosum
691 1385 728 1418 &
745 1377 1011 1419 febriculosum
1029 1379 1196 1418 libellum
1217 1392 1416 1423 vomeret,
1436 1378 1660 1434 percepisse,
1683 1394 1766 1432 quae
1783 1379 1894 1418 fuerit
1910 1393 2018 1419 mens
2041 1380 2121 1427 Lm)
2131 1406 2144 1423 ‚
2163 1383 2201 1417 δε
2222 1382 2304 1432 quis
2348 1390 2354 1393 “

463 1435 673 1491 progressus
682 1436 774 1473 illius
784 1434 1156 1474 Tetracofieteridos,
1182 1446 1225 1472 ut
1234 1439 1312 1487 pari
1321 1435 1380 1472 vel
1388 1434 1552 1488 stupore,
1562 1435 1620 1473 vel
1633 1434 1779 1472 vesania
1788 1440 1984 1489 negauerit
1992 1433 2301 1486 Tetracofieteri-

464 1492 513 1531 da
521 1497 560 1530 in
568 1495 753 1532 centurias
765 1488 836 1529 effe
846 1489 1009 1529 diuisam.
1042 1491 1138 1529 Sane
1146 1489 1227 1528 haec
1236 1489 1407 1528 doctrina
1414 1504 1516 1528 noua
1527 1489 1685 1543 quidem
1699 1489 1751 1529 est
1769 1491 1919 1530 Clauio.
1938 1491 2012 1529 Sed
2022 1494 2203 1529 intererat
2216 1490 2304 1529 Ma-

464 1548 672 1591 thematici,
681 1546 791 1600 siquis
803 1546 928 1600 pudor
937 1546 1002 1588 est,
1014 1545 1102 1583 dare
1112 1546 1222 1584 vittas
1230 1558 1364 1583 manus
1375 1545 1701 1583 demonstrationi.
1712 1573 1715 1575 -
1728 1545 2028 1586 Mathematicus
2038 1560 2088 1585 ne
2096 1550 2221 1586 vocari
2228 1561 2302 1601 po-

463 1604 542 1646 test,
553 1603 654 1658 apud
666 1616 780 1656 quern
795 1601 1068 1640 demonstratio
1079 1601 1209 1639 locum
1218 1613 1300 1638 non
1309 1599 1447 1638 habet?
1480 1600 1593 1654 Qid
1604 1600 1929 1641 demonstratione
1942 1616 2038 1657 opus
2049 1602 2111 1644 est,
2127 1602 2191 1640 ubi
2201 1603 2302 1641 oculi

463 1659 529 1714 ipfi
540 1658 717 1697 reifidem
730 1656 894 1695 faciunt?
917 1657 981 1694 An
1000 1669 1079 1695 non
1093 1659 1143 1694 ita
1160 1656 1263 1695 estin
1273 1654 1432 1693 Tabella
1445 1656 1539 1709 cycli
1551 1655 1706 1694 Liliani?
1731 1655 1870 1695 Parum
1880 1670 1929 1696 ne
1942 1659 1994 1697 est
2003 1661 2149 1697 veritati
2158 1658 2303 1697 nubem

461 1713 679 1758 offundere,
694 1713 883 1752 nifietiam
893 1712 1041 1750 Lectori
1054 1712 1186 1750 oculos
1195 1708 1363 1750 effodere
1373 1711 1483 1750 velit?
1515 1710 1628 1750 Vnde
1644 1715 1795 1767 accepit
1812 1725 1977 1766 quatuor
1987 1715 2114 1752 literas
2130 1711 2200 1753 eise
2210 1723 2300 1753 tres?

461 1769 744 1826 Qaelogistice
752 1782 840 1808 eum
854 1767 1096 1807 hoc-docuit?
1122 1782 1197 1821 qua
1208 1767 1335 1806 fronte
1352 1766 1429 1806 hoc
1438 1766 1553 1806 audet
1571 1767 1719 1807 dicere?
1743 1767 1807 1806 ubi
1816 1771 1987 1809 inueniet
2000 1767 2140 1810 fatuos,
2165 1769 2300 1822 quibus

459 1826 679 1884 persuadeat
688 1837 852 1880 quatuor
862 1822 934 1864 effe
946 1828 1016 1863 tria
1028 1833 1038 1862 ?
1077 1824 1151 1863 Sed
1159 1823 1250 1878 quid
1262 1822 1339 1862 hoc
1348 1823 1515 1864 hominis
1524 1837 1669 1869 moror,
1684 1827 1744 1863 cui
1757 1837 1884 1879 neque
1891 1824 2167 1864 humaniorum
2178 1827 2301 1864 litera-

460 1896 561 1926 rum,
587 1896 712 1936 neque
722 1881 878 1937 pudoris
887 1880 980 1919 ullus
991 1878 1108 1919 sensus
1123 1880 1195 1920 est?
1223 1878 1350 1934 Ipsum
1370 1879 1509 1919 Lilium
1522 1906 1533 1923 ‚
1553 1878 1746 1924 fiviueret‚
1763 1883 1800 1919 in
1809 1893 1934 1936 partes
1945 1895 2143 1925 vocarem,
2160 1884 2226 1935 qui
2235 1881 2302 1921 ad-

459 1939 581 1979 uersus
593 1938 674 1978 haec
686 1937 942 1977 nihilauderet
956 1936 1209 1976 contendere.
1241 1936 1474 1991 Qaererem
1482 1936 1530 1976 ab
1543 1951 1610 1976 eo:
1630 1937 1667 1975 Si
1678 1950 1747 1992 per
1754 1948 1828 1977 tres
1837 1951 2029 1978 annorum
2048 1941 2234 1978 centurias
2246 1937 2302 1976 bi-

459 1994 704 2050 sextafingula
714 1993 917 2045 reijcienda
927 1992 1020 2034 sunt,
1034 1993 1237 2048 quomodo
1251 1996 1291 2030 in
1305 1992 1592 2048 quadringentis
1614 1997 1722 2032 annis
1737 1993 1907 2034 tollenda
1917 1993 2060 2036 censer,
2079 2003 2164 2048 quae
2176 1997 2301 2033 iamin

459 2056 635 2092 trecentis
646 2050 785 2091 sustulit
795 2061 805 2089 Ξ
820 2052 858 2090 Si
870 2064 916 2090 ex
924 2048 1142 2093 Alfonfino,
1162 2062 1205 2088 ut
1216 2046 1292 2104 ipse
1300 2048 1517 2104 profitetur,
1536 2046 1752 2106 praescripto
1760 2047 1839 2090 hoc
1849 2049 1957 2095 facit,
1971 2049 2175 2106 quomodo
2186 2077 2197 2092 ‚
2216 2063 2300 2104 quae

458 2112 498 2147 in
514 2122 546 2157 13
555 2123 573 2146 2
583 2138 592 2152 ‚
618 2120 683 2147 aut
700 2122 732 2157 15
740 2115 764 2145 6
773 2136 784 2152 ,
802 2106 1010 2147 secundum
1020 2120 1079 2146 eas
1090 2110 1255 2146 rationes
1263 2105 1432 2146 tollenda
1440 2118 1560 2151 erant,
1573 2119 1618 2146 ea
1624 2109 1664 2144 in
1675 2118 1833 2147 centum
1840 2111 1947 2147 annis
1956 2108 2079 2149 tollitfi
2094 2106 2211 2161 Qd
2219 2107 2300 2146 hoc

458 2164 511 2204 est
520 2192 529 2206 ,
540 2163 651 2204 iinon
661 2164 713 2203 est
719 2163 890 2203 aduersus
902 2161 1129 2218 hypothesin
1140 2161 1261 2202 facere
1274 2171 1284 2201 Ξ
1300 2162 1378 2213 5εά
1391 2162 1557 2218 benigne
1567 2162 1695 2203 Solem
1704 2165 1854 2218 accipit.
1864 2162 2067 2219 postquam
2075 2174 2144 2218 per
2151 2175 2298 2202 trecen-

457 2231 517 2258 tos
526 2234 646 2259 annos
655 2219 701 2258 ab
710 2234 756 2259 eo
774 2220 960 2258 tributum
975 2223 1090 2258 trium
1101 2219 1332 2259 bisextorum
1348 2222 1495 2274 exegit,
1515 2233 1605 2258 eum
1622 2233 1691 2274 per
1701 2218 1888 2259 ducentos
1911 2219 2084 2260 securum
2098 2217 2169 2258 effe
2180 2218 2295 2257 iubet.

460 2275 557 2314 Sane
572 2274 597 2312 si
612 2278 651 2312 in
660 2275 837 2313 omnibus
847 2275 1100 2314 Periodorum
1116 2279 1294 2322 centurijs
1308 2273 1447 2314 bisexta
1461 2275 1684 2331 perimenda
1699 2273 1871 2320 effent,in
1882 2276 2044 2330 periodo
2057 2275 2214 2328 septima
2225 2286 2293 2311 an-

456 2343 598 2370 norum
619 2330 704 2373 896,
721 2328 861 2382 septem
873 2329 1018 2367 bisextis
1028 2332 1182 2372 reieci-is,
1190 2328 1418 2383 superessent
1429 2334 1520 2368 anni
1540 2343 1582 2376 19
1590 2340 1625 2374 6,
1639 2345 1659 2368 a
1669 2343 1835 2382 quorum
1844 2334 1964 2372 initio,
1975 2330 2023 2368 ad
2036 2329 2154 2368 finem
2162 2341 2296 2368 centu-

458 2389 519 2426 riae
537 2385 684 2442 periodi
698 2383 900 2437 sequentis,
923 2382 1029 2437 quod
1044 2383 1097 2422 est
1114 2384 1353 2421 interuallum
1371 2391 1449 2428 296
1463 2397 1669 2426 annorum,
1687 2384 1834 2422 nullum
1853 2383 2036 2424 bisextum
2054 2388 2293 2427 eximeretur.

506 2457 558 2481 uo
571 2440 663 2494 quid
676 2439 950 2494 effetineptius?
966 2440 1014 2478 Et
1023 2452 1151 2478 tamen
1163 2438 1240 2478 hoc
1249 2436 1390 2478 fecisset
1407 2439 1535 2483 Lilius‚
1548 2437 1575 2477 fi
1588 2438 1792 2493 periodum
1809 2440 1855 2484 89
1862 2448 1897 2484 6,
1907 2454 1990 2480 non
2007 2453 2089 2488 400
2101 2454 2294 2480 annorum

458 2497 622 2553 elegisset
633 2526 641 2535 .
676 2496 778 2536 Ecce
790 2496 896 2549 quod
907 2496 1059 2534 Clauius
1073 2522 1082 2537 ,
1101 2500 1138 2532 &
1147 2499 1250 2532 natio
1258 2493 1627 2532 Mathematicorum
1640 2493 1828 2533 hodierna
1843 2508 1957 2535 vocat
1970 2496 2145 2536 diuinum
2159 2500 2294 2536 inuen-

456 2565 557 2592 tum:
587 2565 701 2606 quam
714 2566 810 2594 vere,
821 2551 1009 2605 superiora
1020 2548 1137 2587 fidem
1155 2548 1327 2592 fecerint,
1336 2559 1418 2586 tum
1430 2562 1495 2592 ea,
1515 2562 1599 2602 quae
1610 2549 1862 2604 adiungimus.
1896 2552 2104 2592 Videamus
2117 2552 2292 2592 diuinum

455 2613 669 2647 inuentum.
704 2606 1008 2656 Tetiacoiieteris
1017 2605 1161 2644 Liliana
1172 2607 1281 2643 iniuit
1290 2617 1392 2643 anno
1408 2605 1549 2644 Christi
1571 2614 1679 2644 1601:
1697 2611 1734 2644 ὃζ
1745 2605 1937 2646 isteannus
1956 2616 2067 2656 1604,
2078 2609 2291 2662 estquartus

456 2663 816 2704 Tetracofieteridos
828 2663 989 2701 Lilianae.
1015 2660 1182 2700 Proinde
1190 2674 1310 2699 annus
1319 2664 1463 2714 primus
1476 2659 1616 2699 Christi
1624 2665 1819 2701 concurrit
1826 2676 1916 2701 cum
1924 2668 2048 2720 capite
2058 2664 2292 2705 Tetracosie-

456 2720 597 2760 teridos
609 2720 760 2758 Lilianae
777 2722 922 2774 primae.
949 2718 1089 2770 Neque
1103 2717 1208 2756 aliter
1221 2730 1292 2756 nos
1309 2716 1470 2756 fecimus
1485 2719 1525 2754 in
1544 2717 1671 2758 nostra
1689 2718 1876 2757 rationali.
1900 2719 2035 2774 'Itaque
2057 2724 2098 2759 in
2112 2735 2187 2775 qua
2199 2719 2290 2760 feria

456 2780 620 2831 contigit
628 2774 1056 2828 conficiaequinoerium,
1067 2777 1107 2811 in
1115 2772 1251 2812 eadem
1264 2776 1379 2812 etiam
1390 2771 1609 2812 confestum
1622 2773 1691 2812 fuit
1701 2787 1804 2813 anno
1825 2783 1929 2814 1601.
1945 2776 2084 2817 Rursus
2092 2780 2222 2816 tamin
2233 2791 2291 2816 ra—

455 2833 586 2872 tionali
597 2832 842 2886 cyclo,·quam
854 2836 891 2870 in
903 2831 1051 2869 Liliano
1061 2841 1180 2884 quOta
1190 2829 1243 2868 est
1260 2830 1295 2869 C
1309 2829 1441 2868 alitera
1451 2828 1695 2871 Dominicali‚
1701 2843 1743 2869 ea
1753 2830 1805 2870 est
1816 2827 1916 2874 feria,
1930 2837 1968 2870 &
1979 2832 2170 2873 charaCl-er
2177 2837 2291 2887 aequi-

455 2891 583 2938 noe‘tij.
615 2888 862 2942 Exemplum:
885 2886 1013 2926 Primo
1025 2896 1129 2925 anno
1141 2885 1283 2925 Christi
1298 2889 1337 2924 in
1348 2886 1456 2939 cyclo
1469 2897 1548 2924 tam
1564 2883 1729 2930 Liliano,
1751 2900 1869 2941 quam
1881 2889 2069 2931 rationali,
2087 2890 2194 2928 litera
2202 2890 2290 2928 Do-

454 2944 637 2984 minicalis
650 2944 703 2984 est
720 2944 768 2983 G:
779 2957 881 2997 aqua
895 2944 930 2983 C
943 2943 1049 2982 litera
1058 2954 1192 2997 quarta
1199 2941 1261 2982 est.
1281 2942 1381 2996 Ergo
1390 2954 1522 2996 quarta
1529 2939 1619 2980 feria
1629 2939 1699 2981 fuit
1709 2941 1902 2995 character
1909 2946 2121 2998 aequinofflj
2135 2957 2214 2984 tam
2222 2959 2289 2984 an-

454 3015 508 3040 no
528 3005 653 3056 primo
668 3000 830 3044 Christi,
853 3012 969 3053 quam
985 3013 1089 3038 anno
1107 3007 1215 3037 1601:
1241 3001 1281 3036 in
1300 3011 1403 3038 anno
1420 2997 1577 3052 quidem
1595 3004 1720 3055 primo
1732 2998 1885 3049 ,Martij
1905 3005 1983 3036 fiffi
1996 2995 2010 3045 ‚¹
2024 3001 2128 3041 litera
2149 3002 2289 3041 Domi-

453 3058 566 3097 nicali
574 3058 715 3096 Iuliana
736 3057 768 3094 A
782 3084 791 3099 ,
803 3060 840 3094 in
853 3069 955 3094 anno
963 3067 1092 3095 autem
1113 3064 1153 3092 16
1159 3068 1199 3092 01
1210 3081 1222 3098 ,
1241 3052 1369 3099 Martii
1387 3059 1420 3088 ἦ
1427 3082 1436 3095 ,
1453 3055 1558 3094 litera
1569 3054 1802 3094 Dominicali
1812 3056 1952 3096 Iuliana
1964 3056 2016 3095 D.
2049 3057 2146 3103 Haec
2155 3062 2288 3097 omnia

454 3117 524 3153 rite
538 3116 575 3152 δέ
584 3113 729 3152 ordine.
759 3112 878 3151 Nunc
891 3111 1007 3150 diuini
1017 3114 1164 3150 inuenti
1179 3109 1316 3150 cauffas
1327 3110 1597 3165 expendamus.
1627 3111 1790 3166 Propter
1804 3111 2018 3152 Decretum
2029 3112 2227 3154 Nicenum
2239 3114 2289 3153 de

455 3168 595 3209 Pascha
606 3198 616 3214 ,
635 3175 670 3208 &
680 3168 728 3208 de
740 3169 966 3222 aequinot'tio
977 3197 986 3211 ,
1009 3167 1163 3222 quodin
1179 3171 1230 3202 ix]
1250 3166 1378 3218 Martij
1388 3182 1434 3207 eo
1445 3166 1574 3207 saeculo
1585 3166 1915 3211 committebatur,
1933 3181 2081 3208 annusa
2094 3169 2287 3210 Pontifice

454 3224 762 3267 R0.reformatus
774 3225 834 3263 est.
869 3225 1081 3264 Decretum
1094 3220 1185 3263 illud
1204 3221 1386 3263 sancitum
1398 3224 1450 3263 est
1468 3229 1570 3262 anno
1594 3223 1735 3264 Christi
1745 3223 1981 3277 Dionyfiano
1997 3225 2158 3269 ῦῖῖὶῑκῖῑῖ,
2178 3226 2284 3280 cyclo

456 3282 548 3321 Solis
565 3287 678 3325 Ξῖῆῖπ,
697 3281 803 3320 litera
815 3280 1049 3320 Dominicali
1070 3280 1114 3318 A.
1147 3281 1264 3334 Igitur
1281 3285 1332 3313 5531
1347 3279 1481 3330 Martij'
1499 3290 1578 3319 erat
1590 3278 1680 3318 feria
1691 3283 1846 3319 tertiain
1859 3280 1964 3320 litera
1981 3281 2028 3320 C.
2059 3282 2206 3336 Accipe
2214 3294 2281 3319 nu-

453 3350 602 3377 merum
616 3341 789 3393 proxime
802 3340 993 3376 minorem
1001 3340 1040 3375 in
1051 3333 1179 3376 fronte
1191 3334 1312 3375 versus
1329 3339 1427 3386 tertij
1440 3340 1479 3375 in
1487 3336 1594 3389 cyclo
1607 3336 1800 3380 rationali,
1817 3349 1959 3391 nempe
1974 3351 1993 3388 3
1999 3351 2048 3374 20
2058 3364 2070 3381 ,
2082 3343 2127 3381 ,ὃς
2139 3344 2182 3387 yffi
2198 3336 2282 3376 ala-

454 3404 553 3445 tere.¹
584 3394 660 3433 Sub
668 3393 820 3449 angulo,
830 3392 904 3432 fiue
914 3392 1227 3448 cella-communi,
1239 3392 1520 3431 occurritlitera
1539 3392 1573 3430 A
1585 3418 1595 3436 ,
1613 3392 1817 3447 utincyclo
1826 3393 1981 3432 Iuliano.
2001 3392 2161 3433 Constat
2168 3394 2281 3445 igitur

454 3451 551 3487 ratio
572 3451 611 3486 in
628 3450 736 3501 cyclo
759 3449 947 3488 rationali.
975 3446 1077 3487 unde
1099 3462 1181 3488 non
1201 3451 1395 3487 immerito
1423 3448 1646 3487 rationalem
1665 3462 1886 3488 vocauimus
1896 3478 1905 3487 .
1949 3444 2150 3490 Videamus
2175 3460 2281 3486 nunc

457 3503 629 3544 diuinum
651 3508 865 3544 inuentum.
886 3505 931 3544 ln
942 3517 1078 3558 quarto
1097 3503 1202 3545 versu
1218 3504 1312 3558 cycli
1323 3503 1459 3543 Liliani
1475 3508 1515 3542 in
1527 3501 1654 3544 fronte
1666 3503 1822 3545 Tabulae
1833 3518 2012 3546 numerus
2027 3505 2200 3558 proxime
2211 3505 2280 3540 mi·

2108 3571 2181 3597 nor
2194 3572 2281 3609 300,
