2366 4040
1286 96 1303 105 r

371 250 452 291 254
677 231 1965 281 CANONVMIS-AGOGICORVM

427 311 468 348 in
487 312 560 344 ffi
574 308 702 358 Martij
723 306 873 346 incidit.
906 302 1044 344 Rursus
1064 311 1168 342 anno
1185 308 1260 340 itvssu
1280 304 1430 359 Artycae
1448 304 1578 351 Medi,
1601 305 1716 345 lustro
1737 311 1780 341 ῖεῑῑ
1799 306 2016 354 Deamhar,
2035 312 2112 351 Sari
2132 309 2259 354 Nisam

361 393 367 398 -
427 362 633 404 'neomenia
659 360 925 416 aequinoffialis
953 358 1170 399 incurrebat
1185 360 1232 397 in¹
1250 362 1346 397 ’κῑενἿιῑ
1374 360 1503 412 Martij
1514 393 1523 401 .
1564 363 1697 416 Itaque
1717 367 1913 417 Panegyris
1934 376 2084 405 tantum
2107 366 2263 421 fimplex

429 418 513 464 fuit,
521 433 663 473 nempe
672 416 936 470 aequinofflalis
946 443 957 461 ,
976 415 1053 454 fine
1065 413 1251 455 concursu
1264 415 1479 471 ὲνθρονιο-μὲ.
1516 418 1589 457 Sed
1597 417 1699 473 apud
1712 417 1928 464 Chaldaeos,
1938 423 2003 473 qui
2016 420 2113 461 duce
2125 424 2259 462 Nabo⁰

426 473 577 514 nass'aro
592 472 821 517 defecerant,
833 472 903 512 fuit
915 469 1090 523 σωιὴομῆ
1105 470 1386 526 ὁνθρονιψμρόχρᾲ
1398 473 1584 525 ἰσημερίας.
1615 475 1717 513 Intra
1742 474 1897 513 lustrum
1908 479 2019 530 igitur
2034 482 2082 509 ᾗ
2103 491 2262 517 concur-

430 530 484 570 sus
497 531 556 569 ille
565 531 766 583 geminatae
783 528 987 582 πανηγύρεως
1006 526 1121 566 sanstus
1135 527 1207 567 est.
1237 528 1332 568 Inde
1344 534 1448 569 enim
1459 529 1648 585 consurgit
1667 529 1885 585 epochailla
1904 530 2152 571 Nabonass'ari
2169 535 2263 572 cele-

429 587 601 627 berrima,
615 597 718 624 anno
736 588 850 624 tertio
860 584 961 623 lustri
971 582 1321 637 duodecimi‚quam
1332 585 1448 625 Persae
1455 599 1596 627 vocant
1606 600 1688 628 n-nn
1704 594 1932 627 aneuruz
1946 586 2142 626 Hararash.
2177 589 2262 642 Qi

428 643 532 681 enim
545 640 680 680 Ctefiae
694 640 747 680 est
760 640 926 695 Αρτύκοις,
943 641 1011 678 illis
1024 638 1076 679 est
1084 640 1314 680 Hararathes
1324 672 1332 680 .
1361 642 1418 680 Ex
1430 656 1509 696 quo
1525 643 1716 696 colligitur
1726 657 1885 682 omnem
1899 647 2142 682 neomeniam
2153 649 2263 697 aequi-

425 696 628 736 nofflalem
636 696 754 736 abillo
762 710 850 751 rege
863 699 1141 751 cognominari,
1154 699 1192 734 in
1201 699 1303 735 cuius
1315 701 1518 752 imperium
1529 699 1664 738 ineidit
1673 728 1682 742 ‚
1709 699 1854 738 tametsi
1869 700 1989 738 nullus
2006 698 2047 737 fit
2063 699 2263 739 concursus

425 751 644 809 ὸμθξονισμὲ,
676 753 765 792 Erat
777 755 880 794 enim
896 759 970 788 xvffi
989 765 1109 790 annus
1120 750 1311 791 Hararath
1325 752 1454 797 Medi,
1479 753 1554 794 fiue
1564 755 1759 808 Hartycae,
1778 768 1820 794 ut
1835 768 1947 795 vocat
1960 755 2117 795 Ctesias.
2149 757 2264 810 Igitur

427 808 585 849 Neumz
598 808 819 848 Hararathis
838 812 932 863 regis
943 834 955 852 ,
979 807 1085 862 quod
1095 806 1228 847 diserte
1241 820 1419 848 notatum
1430 809 1530 849 estin
1544 810 1674 850 nostro
1695 810 1926 850 Calendario
1940 811 2220 865 Turcopersico
2244 825 2263 849 c

426 868 584 919 regione
604 867 705 900 W
718 864 823 905 Adar
834 865 984 908 Solaris‚
1006 867 1071 917 qui
1084 862 1137 903 est
1145 864 1305 904 Martius
1319 865 1446 905 noster
1463 866 1642 909 Iulianus,
1665 865 1717 905 est
1735 867 1886 921 epocha
1903 869 2112 920 aequinoerij
2131 868 2263 907 Nabo-

425 918 567 963 naffari,
583 933 672 959 curn
685 935 760 974 qua
779 920 990 978 ὁνθςονισ-μὸς
1007 925 1083 960 eius
1097 921 1361 964 concurrebat.
1393 922 1483 961 Erat
1495 922 1685 963 Chaldaeis
1696 927 1903 962 neomenia
1914 923 1991 962 Sari
2006 921 2134 965 Nisam,
2150 936 2192 962 ut
2200 937 2266 961 an-

426 989 488 1016 tea
501 976 642 1016 dffikum
655 976 728 1021 est,
754 978 949 1032 Aegyptijs
968 980 1173 1016 neomenia
1188 977 1356 1033 Paophi,
1380 983 1539 1032 quanuis
1556 979 1732 1033 Aegyptij
1749 978 1940 1033 epocham
1960 979 2060 1018 hanc
2074 993 2094 1017 a
2108 979 2265 1017 meridie

425 1036 638 1072 neomeniae
651 1029 789 1073 Thoth
801 1033 1056 1077 suiiniuerint,
1077 1046 1127 1072 ne
1136 1032 1312 1080 ordinem
1325 1038 1414 1073 anni
1432 1035 1648 1086 turbarent.
1666 1034 1757 1083 ‘Hic
1774 1038 1877 1073 enirn
1890 1048 1974 1074 mos
1987 1034 2040 1074 est
2057 1036 2266 1089 Aegyptio-

426 1091 522 1132 rum,
537 1102 580 1128 ut
591 1102 673 1128 non
686 1104 707 1128 a
721 1087 782 1128 die
807 1088 1011 1145 ὁνθξονισμὲ
1027 1089 1156 1144 Regis,
1168 1087 1231 1129 sed
1246 1104 1267 1129 a
1277 1094 1482 1130 neomenia
1491 1089 1701 1134 suiThoth,
1724 1090 1892 1145 epochas
1903 1104 2035 1145 regum
2043 1091 2266 1129 astronomi-

425 1156 487 1185 cas
499 1145 711 1185 ordiantur:
734 1145 1065 1199 quemadmodum
1076 1159 1222 1184 annum
1231 1146 1399 1202 Philippi
1408 1161 1490 1186 non
1500 1161 1521 1186 a
1532 1159 1658 1186 morte
1670 1146 1888 1191 Alexandri,
1900 1161 1982 1201 quat
1994 1146 2126 1185 diebus
2136 1147 2264 1186 aestiuis

425 1204 599 1256 contigit,
614 1200 676 1240 sed
687 1215 709 1240 a
719 1203 937 1242 Nouembri
950 1202 1106 1243 Iuliano,
1118 1202 1353 1244 ordinarunt,
1368 1207 1457 1257 quia
1465 1199 1604 1242 Thoth
1618 1207 1658 1242 in
1667 1203 1773 1242 illum
1780 1203 2050 1243 Nouembrem
2061 1207 2265 1242 conuenie-

425 1257 510 1297 bat.
543 1255 663 1311 Apud
683 1259 892 1313 Aegyptios
911 1262 1013 1297 enim
1028 1271 1107 1297 tam
1124 1258 1275 1312 epocha
1292 1258 1563 1303 Nabonass'ari,
1586 1272 1701 1312 quarn
1719 1258 1908 1313 Philippi,
1932 1259 2185 1298 astronomica
2202 1259 2264 1299 est.

424 1327 509 1352 non
521 1313 656 1353 ciuilis.
687 1314 902 1368 Nunquam
915 1317 1019 1353 enim
1038 1313 1213 1354 Chaldaei
1230 1316 1427 1370 Aegyptijs
1452 1319 1703 1369 imperarunt.
1736 1315 1853 1354 Certe
1870 1313 2149 1355 Nabonaffarus
2170 1328 2270 1353 nun-

426 1383 543 1423 quam
552 1369 693 1425 pedem
704 1369 828 1425 posuit
841 1374 880 1409 in
892 1372 1091 1424 Aegypto,
1111 1374 1208 1408 nein
1230 1370 1421 1410 Palaestina
1438 1371 1614 1424 quidem.
1650 1371 1886 1413 Chaldaicis,
1912 1375 2086 1424 inquam,
2108 1370 2268 1425 Epocha

425 1423 676 1466 Nabonaffari
688 1429 729 1464 in
739 1424 845 1464 usum
853 1438 1006 1479 recepta
1021 1423 1102 1467 fuit,
1115 1438 1199 1461 non
1210 1429 1325 1462 etiam
1337 1426 1414 1472 alijs
1425 1426 1654 1466 nationibus,
1666 1425 1768 1478 apud
1777 1440 1867 1477 quas
1881 1426 2069 1480 Astrologi
2085 1426 2269 1465 duntaxat

427 1495 517 1521 curn
528 1483 769 1535 Aegyptiacis
787 1480 974 1519 menfium
985 1479 1304 1534 appellationibus
1318 1492 1404 1517 eam
1423 1478 1666 1532 usurparunt,
1685 1491 1843 1534 propter
1856 1481 2130 1521 astronomicas
2151 1481 2268 1521 Chal-

426 1537 597 1577 daeorum
606 1536 898 1579 obseruationes,
912 1549 1024 1587 quaea
1038 1533 1293 1573 Nabonaffari
1304 1536 1595 1586 inauguratione
1604 1546 1788 1586 putantur
1799 1563 1809 1580 ,
1830 1550 1912 1575 non
1928 1541 2058 1590 utique
2068 1537 2175 1590 quod
2188 1538 2269 1576 Na-
2301 1555 2303 1558 ·

426 1591 643 1632 bonaffarus
660 1596 700 1630 in
710 1592 787 1639 alijs
798 1589 1028 1630 nationibus,
1041 1599 1296 1641 praeterquam
1311 1587 1500 1627 Chaldaeis
1509 1615 1521 1632 ,
1535 1592 1740 1642 imperium
1748 1590 1966 1630 obtinuerit.
2001 1592 2144 1632 Differt
2154 1597 2268 1647 igitur

426 1649 578 1703 epocha
593 1643 847 1685 Nabonaffari
858 1643 1068 1683 Chaldaica
1081 1643 1128 1681 ab
1138 1644 1557 1699 Aegyptiaca,prirnum
1568 1642 1812 1698 cauffa,quod
1823 1645 2031 1686 Chaldaica
2044 1648 2086 1687 sit
2097 1651 2213 1688 ciuilis
2226 1649 2267 1686 ii-

424 1700 1076 1754 muL&astronomica,Aegyptiaca
1086 1699 1439 1744 astronomica,non
1449 1701 1578 1740 ciuilis:
1593 1700 1736 1740 deinde
1749 1701 1818 1740 situ
1827 1701 2137 1756 menfiumquod
2151 1704 2269 1744 Chal-

425 1759 677 1812 daicaincipit
694 1771 715 1797 a
730 1760 936 1796 neomenia
947 1755 1097 1810 Paophi
1109 1756 1349 1812 Aegyptiaci,
1362 1757 1598 1812 Aegyptiaca
1610 1771 1632 1796 a
1642 1761 1846 1797 neomenia
1858 1757 2013 1798 Thoth:
2028 1759 2153 1799 Chald
2159 1764 2237 1799 aica
2248 1775 2270 1799 a

425 1817 631 1855 neomenia
643 1810 810 1854 Krionos
821 1841 832 1857 ,
852 1812 943 1852 feria
957 1818 1007 1857 ν-ι,
1017 1812 1146 1861 Martij
1162 1815 1276 1857 ιῑνιῑί,
1291 1815 1527 1868 Aegyptiaca
1539 1828 1561 1853 a
1573 1817 1778 1853 neomenia
1792 1814 2028 1869 Ichthyonos
2041 1814 2270 1870 :feria-quar-

426 1884 476 1916 ta,
486 1870 674 1919 Februarij
692 1883 779 1904 xxvr
794 1900 802 1908 .
817 1868 955 1910 Rursus
977 1868 1078 1907 aliud
1088 1869 1307 1923 exemplum
1327 1868 1519 1922 σιωὴομῐῑς
1534 1870 1736 1925 ἑνθρονισμὲ
1749 1869 1805 1919 »ῳᾷ
1814 1873 2002 1923 immam.
2038 1874 2156 1912 Anno
2166 1876 2270 1912 enim

424 1931 498 1963 Ξεῖΰε
521 1928 599 1966 Sari
610 1925 810 1966 Chaldaici
819 1927 903 1973 Ijar‚
912 1924 1163 1967 Nabonaffari
1175 1937 1249 1960 cxx
1264 1939 1293 1959 ιι
1306 1934 1318 1960 1
1329 1954 1340 1971 ,
1351 1926 1466 1966 lustro
1479 1927 1564 1961 211—11
1577 1926 1960 1976 Meharserusch,inijt
1970 1928 2119 1983 epocha
2129 1927 2269 1984 ὁνθξονι-

425 1985 509 2035 cpi?
518 1980 825 2038 Nabopollaffari
835 1986 949 2037 patris
960 1980 1341 2022 Nabuchodonosori
1353 1996 1596 2025 concurrens.
1604 1998 1695 2024 cum
1714 1987 1919 2024 neomenia
1930 1985 2096 2024 Krionos
2107 2013 2118 2028 ,
2129 1991 2167 2023 &
2176 1999 2270 2023 neo-

427 2043 554 2079 menia
578 2040 656 2079 Sari
671 2040 741 2090 Ijar
758 2043 798 2078 in
813 2043 918 2075 W
938 2038 1066 2088 Martij
1079 2068 1088 2082 ,
1110 2052 1213 2078 anno
1234 2039 1383 2093 periodi
1405 2040 1554 2086 Iulianae
1580 2041 1699 2090 4089,
1722 2053 1765 2081 ut
1779 2040 1895 2080 habes
1916 2044 1956 2080 in
1967 2045 2089 2096 prima
2111 2040 2268 2079 Tabula.

426 2096 563 2151 Itaque
571 2111 677 2136 noua
686 2095 838 2151 epocha
852 2094 1020 2136 instituta
1033 2094 1366 2150 Nabopollaffam,
1378 2109 1421 2136 ut
1428 2097 1476 2136 ab
1491 2101 1568 2137 eius
1583 2101 1884 2154 inauguratione,
1903 2099 1917 2135 ὁ
1924 2097 2188 2153 &mmm-Q,
2213 2096 2270 2145 751}

426 2152 470 2191 πὶ
480 2153 687 2205 συμβόλαια,
701 2156 931 2208 inciperent:
950 2156 1053 2192 cuius
1066 2152 1226 2207 epocha:
1241 2153 1468 2194 Ptolemaeus
1483 2167 1668 2209 tanquam
1680 2155 1958 2196 astronomicae,
1981 2154 2272 2194 Ezekielautem

428 2221 615 2262 tanquam
625 2209 742 2249 ciuilis
753 2212 948 2250 meminit,
966 2223 1088 2263 quum
1101 2207 1191 2248 esset
1202 2212 1243 2248 in
1255 2210 1462 2264 Babylonia
1478 2210 1605 2250 adhuc
1617 2215 1768 2252 vivente
1776 2209 2105 2265 Nabopollass'aro.
2128 2211 2268 2263 Qan-

429 2275 514 2302 tum
525 2268 745 2302 vexauerint
756 2265 862 2302 illum
876 2265 1008 2303 locum
1022 2266 1231 2320 Scriptores
1244 2278 1325 2305 tam
1332 2267 1580 2322 Iudaei‚quam
1587 2267 1713 2311 nostri,
1721 2281 1802 2306 non
1812 2281 1936 2321 opera:
1947 2266 2000 2305 est
2012 2266 2146 2306 dicere,
2162 2262 2268 2316 quod

429 2332 486 2358 res
499 2317 747 2373 vulgatiffima
754 2318 807 2356 sit.
843 2320 961 2356 Certe
974 2318 1256 2372 Prophetarum
1268 2323 1388 2361 nostri
1405 2328 1590 2376 temporis
1609 2324 1824 2361 stomachus
1838 2349 1849 2365 ,
1862 2326 1925 2373 qui
1935 2320 2134 2373 profanos,
2149 2331 2190 2357 ut
2202 2318 2270 2372 ipfi

429 2386 589 2417 vocant,
615 2373 811 2429 scriptores
826 2386 875 2412 ne
889 2371 1000 2412 semel
1013 2373 1170 2426 quidem
1181 2376 1599 2416 verumdixiffeiurant,
1618 2377 1728 2413 huius
1746 2375 1905 2429 epochae
1922 2379 2163 2413 mentionem
2176 2387 2267 2413 con—

432 2444 688 2486 coquerenon
702 2429 835 2484 potest.
872 2428 1050 2483 Triginta
1059 2429 1143 2468 illos
1156 2443 1276 2473 annos
1290 2430 1473 2469 Ezekielis
1484 2430 1643 2483 quidam
1655 2445 1676 2468 a
1687 2431 1784 2468 libro
1795 2433 1885 2483 legis
1897 2435 2056 2468 inuento
2067 2458 2078 2474 ,
2095 2430 2202 2483 quod
2214 2434 2269 2469 io-

432 2488 556 2528 culare
569 2486 784 2525 Iudaeorum
793 2497 1064 2523 commentum
1073 2485 1142 2525 est,
1163 2497 1319 2537 putant:
1343 2486 1402 2532 alij
1418 2484 1651 2537 trigesimum
1670 2498 1814 2523 annum
1830 2486 1977 2524 Iobelaei
1989 2484 2059 2525 effe
2067 2491 2202 2539 quouis
2214 2490 2271 2540 pi<

430 2556 554 2598 gnore
566 2540 823 2583 contendunt,
834 2545 872 2577 δε
885 2542 1018 2577 armati
1029 2550 1213 2592 pugnant.
1248 2539 1396 2592 Atquin
1404 2538 1463 2577 ille
1475 2552 1607 2581 annus,
1617 2552 1659 2579 ut
1667 2540 1861 2594 Propheta
1871 2555 2017 2585 monet,
2027 2555 2105 2580 erat
2116 2546 2268 2595 quintus

433 2598 615 2642 Sedekiae,
627 2602 665 2636 &
677 2594 839 2651 proinde
851 2598 993 2650 primus
1007 2593 1275 2638 hebdomadis,
1287 2594 1641 2647 quumundecimus
1653 2596 1820 2635 Sedekiae
1829 2597 1941 2636 fuerit
1953 2597 2182 2637 Sabbaticus.
2217 2599 2270 2636 At

431 2655 460 2696 fi
471 2654 520 2695 de
534 2654 640 2694 Iohel
660 2650 953 2706 intelligendum
969 2649 1074 2694 esset,
1094 2653 1245 2704 igituris
1254 2664 1374 2689 annus
1389 2650 1500 2690 fuerit
1524 2651 1706 2691 secundus
1722 2649 1976 2692 hebdomadis
1993 2657 2132 2706 quintae
2154 2654 2266 2692 Iobcl.

430 2712 587 2753 Namin
600 2712 756 2764 triginta
766 2711 874 2747 annis
885 2719 1048 2761 quatuor
1055 2705 1333 2755 Hebdomades
1346 2711 1625 2761 praeterierunt,
1644 2721 1758 2762 atque
1772 2708 1869 2748 adeo
1881 2709 2088 2763 trigesimus
2098 2709 2208 2748 fuerit
2217 2708 2269 2748 se-

434 2766 584 2809 cundus
594 2770 753 2820 quintae.
780 2765 881 2820 Ergo
892 2792 902 2808 ,
921 2775 964 2802 ut
971 2762 1169 2818 prophetis
1177 2763 1295 2801 nostri
1305 2767 1373 2801 atui
1385 2764 1528 2818 placet,
1545 2777 1664 2803 annus
1678 2768 1830 2818 quintus
1844 2764 2011 2804 Sedekiae
2022 2765 2215 2804 cratfimul
2231 2771 2269 2803 &

433 2829 590 2881 primus,
609 2820 830 2862 &secundus
842 2818 1123 2859 HebdomadiS.
1138 2818 1196 2857 En
1207 2833 1371 2858 acumen
1383 2820 1666 2875 propheticum.
1676 2822 1819 2875 Qum
1826 2824 1938 2875 igitur
1946 2834 2124 2860 neutrum
2135 2835 2270 2860 eorum

434 2881 566 2923 fuerit,
585 2893 668 2933 quae
682 2877 838 2932 quidem
852 2876 949 2916 stulti
961 2875 1073 2915 Iudaei
1092 2875 1340 2918 hariolantur‚
1359 2876 1475 2915 nostri
1492 2888 1622 2915 tamen
1635 2891 1699 2916 eos
1718 2880 1862 2930 sequuti
1883 2877 2269 2916 maluntcalterutrum

434 2937 623 2992 ampleffi,
633 2948 750 2988 quam
757 2936 905 2973 veritati
914 2934 1024 2973 vi&as
1034 2945 1167 2970 manus
1178 2931 1276 2974 dare,
1289 2936 1326 2969 &
1338 2946 1457 2985 quum
1466 2932 1525 2971 ille
1533 2946 1662 2975 annus,
1679 2945 1720 2971 ut
1731 2933 1954 2972 Ptolemaeus
1967 2933 2142 2976 ostendit,
2159 2935 2270 2971 fuerit

435 2988 740 3047 Nabopollassari
753 2988 977 3044 trigesimus,
994 2988 1180 3041 reliquum
1193 2988 1264 3035 est,
1281 2999 1323 3026 ut
1335 2989 1395 3027 ille
1409 2987 1616 3043 trigesimus
1625 3003 1746 3028 annus
1763 2989 1865 3043 apud
1877 2989 2093 3028 Ezekielem
2103 2988 2145 3027 fit
2158 2993 2269 3043 trige-

436 3049 548 3089 fimus
562 3048 672 3086 huius
689 3046 848 3101 epochae
871 3045 1005 3088 ciuilis,
1031 3042 1233 3099 praesertim
1246 3057 1365 3097 quum
1376 3044 1566 3100 propheta
1585 3045 1651 3084 illis
1673 3046 1891 3099 regionibus
1909 3047 2090 3099 relegatus
2102 3072 2113 3089 ,
2132 3046 2267 3098 quibus

435 3119 532 3146 tunc
549 3103 763 3158 imperabat
777 3099 1081 3156 Nabopollaffar‚
1099 3113 1182 3139 non
1191 3100 1261 3138 alia
1269 3101 1420 3154 epocha
1427 3104 1593 3156 potuerit
1608 3105 1659 3139 uti
1668 3129 1677 3143 ,
1699 3115 1814 3154 quam
1823 3116 1885 3146 ea,
1901 3115 1983 3155 quae
1995 3101 2172 3140 omnibus
2187 3101 2268 3138 illo-

437 3176 524 3202 tum
536 3162 722 3199 trachium
732 3158 977 3213 popularibus
987 3160 1027 3195 in
1040 3155 1104 3195 usu
1118 3169 1211 3196 erat.
1244 3156 1356 3197 Adde
1369 3157 1476 3210 quod
1487 3157 1546 3195 ille
1555 3170 1673 3196 annus
1683 3171 1764 3196 non
1774 3161 1901 3211 potuit
1911 3156 1981 3196 effe
1990 3156 2196 3211 trigefimus
2210 3157 2267 3194 Io<

436 3217 509 3260 bel,
524 3230 644 3270 quum
653 3215 765 3254 fuerit
774 3213 971 3269 vigesimus
985 3212 1167 3252 secundus
1177 3212 1316 3251 decimi
1325 3214 1446 3252 mstaui
1456 3212 1571 3259 Iohel.
1605 3213 1803 3252 Habemus
1813 3217 1927 3266 igitur
1940 3212 2018 3252 duo
2026 3216 2173 3266 egregia
2183 3230 2266 3250 σιω-

438 3273 561 3322 ᾢομῆς
579 3271 797 3328 ὀνθξονισμοῢ
806 3269 860 3318 χρὴ
872 3269 1048 3322 ἱοημεθίοις
1056 3270 1238 3322 exempla.
1257 3283 1303 3307 ex
1314 3269 1449 3322 quibus
1458 3279 1564 3323 pater.
1572 3272 1821 3322 etiam,quum
1834 3268 2038 3322 ὀνθρονισμὶς
2051 3273 2090 3307 in
2097 3269 2266 3307 medium

439 3328 594 3368 lustrum
604 3328 859 3381 aequinoctiale
868 3324 1145 3369 incideret,ficri
1158 3324 1345 3376 σιωὴομήν
1359 3324 1616 3378 &epotato-5452&
1627 3324 1860 3375 impeejagmt
1870 3329 1908 3362 in
1919 3321 2265 3379 epochaNabonas-

392 3406 414 3431 0
442 3383 527 3426 sari,
548 3382 771 3435 quaeincidit
782 3385 822 3420 in
841 3384 1146 3420 annumtertium
1159 3381 1260 3419 lustri
1268 3381 1543 3434 aequinoc'tialis.
1578 3381 1708 3419 Vnum
1719 3385 1832 3420 etiam
1846 3381 2066 3435 exemplum
2083 3381 2263 3418 habemus

439 3436 631 3489 σιωῷομῆς
643 3438 845 3488 &pomposi
852 3438 1038 3485 νθᾴὲπυχῆς
1049 3435 1226 3487 νεμὶωἴοις,
1246 3451 1388 3491 nempe
1400 3449 1544 3483 annum
1553 3440 1721 3490 primum
1733 3436 2026 3481 Seleucidarum,
2043 3448 2124 3489 quae
2135 3433 2262 3472 ludaeis

441 3494 495 3535 est
506 3494 605 3534 Aera
617 3496 894 3539 contrastuum,
917 3497 1112 3533 incurrens
1125 3496 1165 3532 in
1173 3507 1318 3532 annum
1328 3492 1534 3532 secundum
1545 3496 1658 3548 primi
1676 3492 1773 3531 lustri
1785 3492 1870 3547 post
1887 3494 2140 3531 traiefflonem
2149 3492 2263 3539 ὲπκςε·

1669 3562 1672 3565 '
2154 3564 2262 3586 ueram.
