2366 4040
730 244 997 290 LIBER
1063 237 1410 284 PRIMVS.
1884 252 1954 288 107

734 318 916 359 AnniIul.
1020 314 1134 356 'Dies
1211 313 1316 353 Anni
1341 350 1345 353 a
1443 312 1445 314 ’

767 375 845 414 dati
1208 370 1371 424 Aegypt.

746 483 856 515 6000
1070 477 1126 535 4¹0
1261 482 1290 517 4

781 543 856 578 300
1068 538 1118 575 75
1261 541 1286 564 0

804 595 820 621 1
833 589 859 621 6
1092 592 1121 628 4
1265 595 1289 619 0

742 683 767 724 6
778 691 794 727 3
808 690 820 716 1
834 684 859 716 6
941 657 945 661 ι
1041 689 1055 716 1
1070 690 1083 714 1
1093 690 1117 722 9
1262 688 1290 724 4

825 746 852 781 4

418 817 420 819 ’
440 815 544 856 Anni
556 813 716 868 Aegypt.
732 821 756 852 6
763 828 779 864 3
793 829 812 853 2
825 831 848 853 ο
1005 826 1019 853 1
1028 827 1041 851 1
1050 827 1075 859 9
1098 809 1202 851 Dies.
1222 824 1264 851 ut
1273 810 1388 865 supra.

608 889 906 941 CANON
987 894 1456 941 SECVNDVS.

336 984 429 1017 Dato
436 988 530 1014 anno
532 972 670 1028 periodi
681 974 834 1017 Iulianae,
850 972 969 1013 Thoth
980 976 1228 1029 Aegyptiorum
1241 1001 1253 1018 ‚
1271 971 1419 1013 Sahami
1427 976 1680 1014 Armeniorum
1692 998 1705 1017 2
1724 972 1974 1014 Pharauardin

452 1029 638 1084 Iezdegt'rd
645 1032 685 1068 in
694 1029 814 1068 diebus
825 1031 973 1069 Iulianis
979 1029 1165 1084 destgnare.

75 1092 78 1093 ⁷
111 1110 175 1151 Ab
186 1109 290 1147 annis
303 1100 447 1158 periodi
455 1100 601 1138 Iulianae
608 1097 806 1153 propofitis
816 1098 874 1136 abi
872 1101 934 1147 jce
946 1110 1151 1137 numerum
1159 1111 1349 1137 annorum
1362 1097 1592 1138 Iulianorum
1605 1102 1779 1153 proxime
1785 1101 1976 1137 minorem

167 1176 214 1204 ex
229 1159 385 1200 Tabella
396 1170 506 1196 nona.
539 1155 643 1194 Cum
662 1152 808 1193 residuo
825 1153 1020 1207 ingredere
1032 1153 1221 1192 Tabulam
1239 1155 1427 1193 Ostauam
1446 1158 1601 1193 maximi
1618 1154 1719 1193 lustri
1733 1153 1976 1194 Canicularis.

165 1220 382 1260 Numerum
392 1215 563 1267 proxime
571 1213 757 1250 minorem
767 1212 906 1249 notain
917 1209 1043 1249 fronte
1056 1209 1229 1254 Tabulae,
1245 1209 1611 1250 refiduuminlatere.
1646 1212 1876 1250 Communis
1887 1208 1980 1249 cessa

168 1274 272 1315 dabit
278 1270 425 1310 Thot'n,
442 1267 603 1310 Sahami,
616 1265 871 1305 Pharauardin
879 1268 920 1304 in
930 1264 1060 1305 diebus
1068 1266 1226 1305 Iulianis.
1257 1265 1458 1321 Proposito
1466 1280 1568 1318 anno
1577 1279 1750 1306 currente
1762 1265 1910 1321 periodi
1921 1265 1982 1329 Iu:

168 1332 273 1370 lianae
293 1336 401 1376 6317,
425 1336 601 1362 numerus
614 1325 787 1376 proxime
806 1325 933 1362 minor
951 1335 1142 1361 annorum
1160 1322 1390 1361 Iulianorum
1411 1327 1453 1360 in
1474 1321 1630 1362 Tabena
1651 1336 1758 1362 nona
1779 1323 1899 1372 5340:
1920 1333 1983 1361 cm

167 1381 394 1440 respondent
405 1382 492 1418 anni
503 1379 723 1431 Aegyptiaci
748 1374 861 1426 5844.
884 1391 980 1430 quos
999 1376 1148 1416 seorsim
1160 1376 1270 1416 serua.
1302 1378 1585 1431 Abiectisigitur
1600 1378 1701 1428 5840
1722 1376 1984 1415 annisIulianis

169 1441 218 1481 de
232 1448 322 1489 6317
334 1464 343 1478 ‚
359 1431 549 1490 supersunt
564 1421 653 1470 anni
665 1432 795 1471 Iuliani
810 1445 908 1483 477.
938 1433 1131 1472 Numerus
1152 1435 1325 1487 proxime
1337 1436 1514 1472 minorin
1534 1432 1661 1473 fronte
1668 1433 1823 1472 Tabulae
1830 1434 1986 1472 maximi

168 1496 270 1538 lustri
281 1491 510 1534 Canicuiaris
530 1497 633 1540 476,
651 1487 814 1528 refiduus
837 1501 932 1527 unus
945 1491 985 1526 in
1003 1489 1128 1528 latere.
1173 1489 1217 1527 In
1230 1493 1429 1528 communi
1442 1488 1535 1529 cella
1542 1494 1707 1530 occurrit
1721 1488 1860 1528 Thoth
1878 1492 1919 1528 in
1942 1487 1986 1526 18

169 1553 266 1603 Ιώ),
291 1550 440 1592 Sahami
449 1550 489 1585 in
507 1558 550 1592 19
572 1543 770 1588 Octobris,
786 1543 1043 1584 Pharauardin
1055 1549 1095 1584 in
1118 1552 1163 1584 16
1179 1543 1344 1584 ‘eiusdem
1356 1545 1503 1585 menfis.

661 1614 974 1661 CANON
1043 1617 1432 1663 TERTIVS.

344 1706 439 1741 Dato
451 1711 542 1737 anno
545 1695 682 1752 periodi
693 1695 838 1733 Iuliana
850 1693 960 1748 ‚stire
967 1706 1095 1751 quotus
1105 1694 1273 1748 annusest
1280 1710 1301 1734 a
1310 1693 1563 1749 Nabonaffitro,
1584 1697 1712 1754 epocha?
1723 1695 1993 1742 Armeniorum,'

466 1752 593 1809 epochae
608 1749 805 1804 Iezdegird.

123 1829 282 1869 Annum
301 1818 486 1862 Iulianum
499 1817 734 1874 propofitum
768 1831 983 1858 currentem
1001 1831 1185 1860 conuerte
1205 1823 1245 1859 in
1263 1832 1414 1876 tempus
1439 1819 1718 1876 Aegyptiacum
1738 1836 1808 1878 per
1825 1827 1994 1878 primum

179 1882 300 1922 huius.
334 1879 397 1917 Ab
407 1889 509 1918 anno
518 1876 751 1930 Aegyptiaco
762 1878 936 1915 currente
942 1889 1014 1930 pro
1027 1889 1212 1932 perpetua
1224 1877 1351 1932 tegula
1363 1877 1482 1927 abijce
1493 1891 1613 1917 annos
1622 1880 1876 1934 Aegyptiacos
1895 1889 1967 1930 396
1973 1880 1994 1918 8

181 1951 252 1994 pro
260 1934 409 1989 epocha
421 1928 679 1975 Nabonaffan',
703 1939 802 1982 5267
822 1945 893 1987 pro
902 1933 1147 1977 Armeniaca,
1169 1946 1268 1985 5347
1282 1948 1354 1988 pro
1368 1932 1511 1974 Perfica
1519 1933 1727 1990 Iezdegird.
1738 1933 1902 1976 Refidua
1912 1934 1996 1975 sunt

182 1992 340 2048 epochae
353 1988 519 2043 quaesitae.
551 1987 915 2042 Proponaturannus
929 2002 1080 2028 currens
1089 1989 1236 2043 periodi
1250 1990 1400 2029 Iulianae
1421 1997 1527 2041 6317,
1547 1995 1613 2044 qui
1624 2004 1692 2045 per
1703 1995 1871 2047 primum
1885 1991 1996 2033 huius

182 2049 234 2088 est
250 2056 273 2086 6
274 2060 334 2096 321
354 2047 616 2099 Aegyptiacus.
649 2043 808 2092 Abjeffis
820 2044 1134 2084 conuenientibus
1149 2043 1366 2095 differentijs
1377 2072 1388 2089 ,
1406 2058 1449 2085 ut
1456 2050 1689 2091 monuimus,
1697 2047 1920 2101 relinquitur
1931 2048 1998 2088 an-

183 2117 251 2144 nus
260 2115 409 2142 currens
423 2098 711 2139 aNabonaffaro·
733 2112 753 2137 2
756 2113 773 2149 3
780 2113 796 2150 5
799 2100 993 2155 3‚ep0chae
1005 2102 1239 2141 Armeniacae
1254 2101 1522 2158 1054‚epochae
1530 2102 1886 2162 IezdegirdPeriicae
1898 2104 1996 2158 974,

536 2191 576 2231 63
584 2194 623 2219 21
777 2190 816 2232 63
824 2197 869 2237 ar
1014 2192 1054 2233 63
1062 2198 1112 2222 21.
1141 2186 1247 2225 Anni
1257 2186 1420 2240 Aegypt.
1432 2185 1616 2239 propositi
1625 2199 1671 2224 ex

186 2236 477 2289 anniabijcie'ndi
530 2237 627 2287 3968
770 2248 871 2291 5267
1011 2253 1110 2291 5347
1168 2296 1171 2298 -
1189 2241 1336 2284 Iulianis
1345 2240 1525 2280 conuersi.
1785 2290 1792 2292 s
1877 2271 1880 2274 .

145 2299 430 2351 'sszssffciuum
535 2316 631 2352 2353.
772 2317 881 2354 1054.
1007 2315 1104 2358 974.
1900 2306 1998 2359 Μή

529 2357 734 2399 Nabonaff.
769 2360 925 2399 Armen.
1004 2361 1257 2417 Perssezdeg.

641 2445 960 2496 CANON
1034 2448 1472 2508 QVARTVS.

542 2528 691 2566 &Annos
702 2528 926 2580 Aegyptiacos
936 2524 1035 2562 datos
1043 2527 1084 2563 in
1095 2526 1250 2565 Iulianos
1262 2535 1471 2575 conuertere..
1488 2560 1502 2574 „

136 2595 182 2636 'In
194 2592 346 2633 Tabella
353 2588 544 2631 nona'vide
555 2604 650 2645 quot
661 2595 766 2630 annis
784 2592 1023 2645 Aegyptiacis
1042 2605 1218 2632 numerus
1231 2599 1406 2648 proxime
1422 2599 1550 2635 minor
1566 2606 1754 2637 annorum
1772 2599 2002 2644 Iulianorum

195 2649 382 2704 superatur
398 2660 588 2686 anumero
610 2647 854 2701 Aegyptiace.
887 2647 1130 2701 Proponatur
1141 2663 1260 2688 annus
1281 2664 1433 2689 currens
1450 2652 1702 2706 Aegyptiacus
1722 2662 1747 2692 6
1746 2669 1822 2704 321.
1854 2659 2003 2699 Nume-

196 2719 255 2744 rus
271 2707 441 2759 proxime
455 2706 580 2741 minor
594 2701 753 2740 Iulianus
772 2705 811 2739 in
825 2701 980 2741 Tabella
994 2707 1097 2742 nona
1115 2705 1216 2754 5840
1239 2705 1457 2761 superatura
1475 2721 1636 2752 numero
1653 2711 1888 2764 Aegyptiaco
1896 2720 2002 2755 anms

200 2773 367 2813 quatuor.
399 2757 472 2798 Eos
482 2758 793 2806 abijceanumero
802 2768 992 2798 annorum
1010 2760 1333 2815 Aegyptiacorum
1345 2762 1445 2802 dato.
1460 2763 1700 2819 Relinquitur
1710 2779 1827 2806 annus
1843 2769 2004 2811 Iulianus

202 2826 347 2855 currens
369 2821 472 2866 6317.

673 2886 986 2944 CANON
1058 2891 1467 2953 QJINTVS

376 2971 480 3006 Datis
499 2971 599 3005 annis
608 2970 820 3022 Aegyptiacis
830 2968 1037 3024 epocharum
1049 2968 1281 3024 Nabonafflzri
1289 2997 1302 3014 ,
1324 2974 1587 3014 Armeniorum,
1601 2975 1798 3029 Iezdegird‚
1809 2981 2009 3019 neomenias

459 3036 467 3043 ·
490 3021 619 3063 Tharba
631 3022 787 3064 Summi,
796 3023 1044 3064 Pharauardin
1050 3029 1090 3064 in
1096 3025 1217 3065 diebus
1224 3028 1372 3066 Iulianis
1383 3028 1568 3083 designare.

155 3084 316 3141 Epochis
329 3084 419 3126 datie
431 3088 548 3139 adijce
570 3103 635 3129 eos
645 3089 820 3131 numeros
831 3119 842 3136 ,
859 3107 954 3145 quos
967 3098 1078 3133 tertio
1092 3096 1255 3134 Canone
1274 3096 1471 3135 abieceras.
1501 3096 1761 3152 Aggregatum
1774 3094 1956 3141 conuerte
1969 3106 2010 3142 in

212 3154 328 3180 annos
336 3141 494 3184 Iulianos
508 3159 574 3199 per
587 3144 823 3200 superiorem.
856 3148 918 3186 Ab
928 3153 1033 3188 armis
1048 3149 1194 3189 Iulianis
1203 3152 1322 3201 abijce
1340 3166 1544 3190 numerum
1557 3153 1739 3192 Iulianum
1754 3162 1926 3209 proxime
1939 3164 2009 3198 mi-

213 3210 344 3255 norem
355 3197 397 3236 ex
409 3195 562 3254 Tabella
570 3215 680 3240 nona.
720 3203 889 3257 OPerarc
901 3216 943 3242 ut
953 3208 992 3242 in
1000 3203 1164 3244 secundo
1180 3207 1354 3246 Canone.
1387 3209 1507 3246 Sunto
1515 3209 1697 3263 propositi
1711 3212 1867 3265 epochae
1876 3214 2011 3255 Naboe

213 3252 339 3291 nazian
351 3257 436 3291 anni
458 3269 477 3292 2.
481 3268 518 3304 35
523 3269 552 3305 3,
563 3257 828 3309 Armeniorum
847 3272 958 3309 1054,
972 3259 1163 3299 Persarum
1183 3275 1281 3312 974.
1291 3263 1425 3316 quibus
1433 3262 1581 3312 adjectis
1594 3278 1640 3303 ex
1657 3269 1710 3298 ΓΠ
1736 3281 1883 3307 canone
1899 3283 1915 3319 3
1919 3285 1942 3315 9
1949 3272 2011 3316 68,

217 3322 231 3355 ς
241 3322 258 3344 2
266 3315 315 3356 67
325 3335 334 3348 ‚
357 3320 371 3356 5
376 3311 449 3359 347
459 3338 467 3351 ,
487 3309 713 3366 consurgunt
723 3318 810 3353 anni
818 3316 1037 3369 Aegyptiaci
1048 3329 1238 3356 currentes
1258 3327 1298 3367 63
1307 3332 1356 3360 21,
1368 3324 1430 3372 qui
1439 3333 1507 3373 per
1513 3320 1804 3362 antecedentem
1816 3324 1913 3365 fiunt
1924 3332 2013 3366 anni

216 3363 342 3401 [ultani
363 3371 386 3399 6
388 3377 448 3413 317
473 3378 668 3406 currentes.
683 3368 730 3406 de
742 3369 874 3421 quibus
882 3385 950 3424 per
958 3369 1165 3411 secundum
1175 3373 1380 3413 Canonem
1392 3375 1558 3414 deductis
1578 3378 1691 3426 5840,
1700 3377 1891 3434 supersunt
1900 3382 1947 3421 dc
1958 3385 2012 3421 lu-

214 3418 286 3457 stro
298 3422 462 3457 maximo
473 3420 682 3467 Caniculari
690 3423 830 3468 Iuliano
850 3440 946 3478 477.
969 3431 1006 3464 δε
1017 3427 1178 3481 proinde
1190 3441 1235 3468 ex
1246 3430 1384 3470 eodem
1399 3431 1562 3471 Canone
1573 3432 1711 3473 Thoth
1727 3449 1747 3473 2
1750 3449 1812 3486 321
1837 3443 2014 3492 congruit

214 3471 288 3537 'diei
312 3473 354 3511 18
368 3474 456 3524 luhj,
474 3473 621 3514 Sahami
639 3490 682 3515 10
688 3491 739 3539 54
761 3479 832 3521 diei
856 3495 894 3527 19
924 3482 1115 3531 Octobris,
1128 3484 1383 3530 Phatauatdin
1400 3501 1485 3544 ,974
1506 3488 1580 3532 diei
1598 3498 1644 3531 16
1657 3490 1831 3532 eiusdem.-

997 3612 1002 3614 ,
1227 3599 1230 3603 ,
1769 3547 2016 3599 cANoN
