2366 4040
323 203 384 237 182

330 279 401 305 mus
412 277 509 300 annus
519 262 660 300 Tiberii,
679 273 700 295 x
712 272 725 294 1
738 272 756 293 v
776 256 912 292 Kalend.
922 256 1087 304 Septemb.
1100 253 1155 289 sed
1173 254 1263 294 inde,

335 318 391 352 ubi
402 315 514 350 delinit
524 311 696 359 Augustus,
720 310 810 355 Ergo
827 307 914 341 idem
933 318 1084 340 numerus
1094 309 1125 340 δέ
1137 304 1268 337 ultimus

334 365 489 413 Augusti,
500 367 532 396 &
546 362 663 406 primus
675 358 802 391 Tiberii
814 356 924 390 debuit
934 352 997 389 esse
1008 383 1016 396 ‚
1036 367 1102 388 non
1115 363 1219 387 autem
1231 364 1270 386 ex

335 428 400 449 uno
413 419 591 446 momento,
606 406 922 454 quodinterobitum
934 403 1083 450 Augusti,
1102 402 1272 437 &initium

335 461 463 498 Tiberii
479 457 662 494 intercedit',
674 455 738 489 duo
756 456 830 489 anni
846 453 994 488 faciendi.
1024 454 1099 487 Hoc
1116 451 1192 485 ideo
1201 464 1273 485 mo-

333 523 408 547 neo,
425 518 458 541 ut
468 519 531 540 non
550 503 652 538 solum
672 504 722 538 hic
735 531 742 543 ,
762 502 901 538 sed&in
912 504 1057 536 omnium
1075 513 1188 549 regum
1206 498 1273 534 fere

332 559 428 593 initiis
445 557 532 590 idem
553 554 593 587 ab
604 552 746 587 Eusebio
761 551 880 586 factum
892 552 1011 585 Lector
1032 561 1145 584 notare
1155 548 1272 596 poffit:

333 606 421 655 quod
433 627 442 644 ‚
464 617 496 639 ut
511 604 585 638 alibi
603 603 731 644 monui,
751 600 892 637 Eusebio
909 600 1064 648 peccandi
1077 597 1274 646 saepeansam

334 656 437 690 dedita.
1086 680 1089 681 ι

383 709 470 746 Ibid.
497 707 618 742 Herodes
630 709 811 757 tetrarcha]
822 705 888 743 Ubi
900 704 1024 740 delituit
1034 703 1155 738 interea
1165 705 1275 738 Hero-

342 760 400 795 des
411 760 468 793 iste
478 757 494 791 a
506 767 611 791 morte
632 757 728 803 patris
737 757 792 797 sui,
803 767 835 790 ut
847 755 912 799 ejus
926 753 1014 802 regni
1032 753 1157 787 initium
1167 753 1277 787 haete-

335 821 393 844 nus
406 807 606 843 differretur?
623 806 724 854 Atqui
740 807 803 851 jam
821 816 937 838 annum
949 804 1109 837 decimum
1121 802 1276 850 regnabat

334 859 368 893 in
378 855 570 893 Tetrarchia
586 854 649 888 sua.
677 856 779 900 Cujus
793 867 869 888 vero
879 854 970 901 regni
988 864 1087 886 annus
1097 854 1216 899 primus
1227 849 1274 884 illi

332 919 420 943 nunc
431 907 544 940 datur?
572 917 611 937 an
631 904 907 952 regniAtchelai?
936 902 1039 949 Atqui
1059 912 1161 935 totum
1181 900 1275 934 reda-

336 958 368 991 et
377 969 428 990 um
447 957 478 988 in
498 952 607 988 fiscum
630 952 707 987 fuit.
733 954 808 988 ideo
824 964 928 1000 neque
946 950 1089 985 successit
1109 951 1275 984 Archelao

333 1005 435 1041 fratri.
449 1005 558 1051 Qod
572 1003 591 1036 li
606 1003 732 1036 Herodi
743 1004 831 1037 locus
842 1002 900 1040 est,
912 1013 967 1035 cur
976 1012 1044 1034 non
1057 1004 1087 1035 &
1099 1000 1272 1046 Philippo?

336 1055 452 1090 ,Ambo
471 1066 509 1087 ex
527 1052 624 1100 aequis
637 1052 777 1098 partibus
788 1051 974 1086 Tetrarchae
993 1049 1157 1083 faetialter
1172 1050 1275 1082 altero

333 1103 491 1151 plusjuris
502 1114 567 1136 non
579 1102 695 1140 habet,
717 1113 749 1136 ut
768 1102 816 1135 hic
824 1100 929 1139 solus,
945 1097 1076 1134 excluso
1093 1100 1210 1136 altero,
1225 1109 1276 1131 re-

332 1164 429 1201 gnet.
460 1155 571 1199 ltaque
594 1152 625 1184 iu
644 1152 844 1199 relegatione
864 1150 1016 1190 Archelai
1031 1149 1207 1195 interrupta
1228 1146 1274 1182 est

334 1201 493 1237 successio
503 1201 643 1235 Herodis
655 1202 762 1248 magni
775 1223 784 1239 ,
805 1198 1040 1245 Hierosolymis
1055 1208 1127 1232 cum
1139 1197 1274 1231 dimidio

334 1264 426 1299 regui
441 1250 618 1285 Provinciae
631 1248 761 1284 Caesaris
773 1251 867 1296 Syriae
886 1249 1058 1282 attributis-
1084 1250 1205 1281 Iterum
1222 1246 1275 1280 illa

332 1297 464 1335 cicatrix
476 1300 564 1339 coiit,
575 1300 720 1346 Agrippa
730 1300 874 1333 Herodis
885 1298 993 1342 magni
1001 1306 1120 1344 nepote
1130 1298 1161 1331 in
1172 1294 1275 1340 majo-

332 1362 405 1385 rem
425 1360 548 1392 partem
559 1349 651 1396 regni
663 1347 1089 1394 lerosolymitanirestituto.
1117 1347 1203 1380 Hinc
1216 1356 1274 1392 per

330 1399 432 1434 filium
445 1398 762 1444 patricognominem
773 1398 954 1444 Agrippam
964 1396 997 1429 in
1008 1407 1107 1429 annos
1120 1407 1180 1430 Lvt
1200 1407 1273 1428 cum

331 1447 515 1482 accessione
525 1448 647 1494 aliquot
660 1447 783 1480 urbium
794 1453 822 1480 ὅ..
834 1448 1003 1494 regionum
1021 1456 1190 1492 regnatum
1210 1443 1269 1483 est,

330 1498 365 1532 in
376 1509 462 1541 cujus
472 1506 577 1529 ino.·te
589 1494 706 1528 defecit
716 1497 829 1529 domus
839 1495 1106 1529 Herodiadarum.
1115 1493 1200 1527 Vide
1210 1494 1277 1527 Ca-

330 1558 434 1581 nones
445 1544 643 1592 IsagogicOS.
657 1548 769 1578 Parum
780 1543 894 1578 caviss'e
903 1544 1001 1590 igitur
1013 1543 1168 1578 Eusebius
1180 1543 1273 1576 vide-

329 1606 392 1633 tur,
409 1594 636 1641 quiArcnelao
653 1591 781 1627 fratrem
792 1594 961 1627 Herodem
980 1593 1139 1639 Antipam
1152 1590 1274 1625 succes-

327 1644 437 1679 sorem
458 1643 560 1680 dedit,
576 1647 606 1677 &
619 1641 774 1676 summum
787 1644 887 1676 virum
900 1635 1140 1688 Hieronymum
1153 1641 1271 1675 erroris

329 1694 375 1729 sui
386 1692 545 1727 fautorem
561 1692 681 1730 babuit,
704 1693 757 1740 qui
773 1696 805 1726 δε
824 1693 891 1739 ipse
908 1690 947 1724 ab
960 1690 1098 1725 Eusebio
1121 1691 1274 1737 deceptus

331 1744 422 1778 idem
436 1742 577 1788 prodidit
588 1742 617 1774 in
630 1742 766 1788 primum
778 1753 872 1788 caput
883 1740 1039 1775 Matthaei.
1058 1741 1169 1775 Verba
1183 1741 1270 1785 ejus:

330 1800 404 1837 ,Ergo
414 1793 533 1825 Herodes
544 1792 601 1832 ille,
617 1792 733 1834 quicum
745 1791 936 1835 Pilatopoflea
945 1791 1084 1823 amicitias
1097 1790 1181 1834 fecit,
1194 1791 1274 1836 hujus

331 1848 447 1878 Herodi»
463 1841 537 1888 filius
554 1845 611 1879 est,
630 1840 717 1887 [ratur
734 1840 876 1877 Archelai,
895 1850 976 1883 quem
994 1840 1029 1875 (θ’
1046 1844 1133 1885 szum
1152 1839 1274 1872 Tiberius

333 1892 426 1937 Caefar
437 1891 678 1934 Lugdunumquae
690 1891 849 1924 Galliarum
866 1892 905 1922 esst
923 1899 1032 1926 CWIIM,
1042 1890 1177 1933 relegavit
1188 1902 1196 1922 .·
1209 1889 1274 1933 fta-

329 1950 459 1984 nemque
479 1940 536 1985 ejus
546 1940 683 1972 Herodem
694 1939 867 1985 sm'cefforem
882 1940 961 1982 regni
972 1937 1054 1982 ferit.
1080 1945 1152 1982 Lege
1171 1937 1272 1984 loj'ephi

331 1989 484 2036 historiam.
512 1988 613 2036 Atqui
635 1983 906 2035 nequeJosephus
918 1986 1126 2021 successorem
1145 1988 1273 2021 Arche-

329 2040 372 2073 lai
393 2036 482 2072 fuisse
493 2037 569 2071 dicit
580 2039 747 2071 Herodem
759 2060 768 2074 ,
790 2048 897 2085 neque
908 2037 1104 2070 Archelaum
1116 2037 1272 2071 Tiberius

330 2088 495 2135 Lugduno
517 2087 689 2134 relegavit,
709 2085 763 2120 sed
775 2086 945 2120 Herodem
960 2086 1141 2132 Antipam.'
1155 2089 1269 2135 ltaque

333 2139 575 2182 Hieronymum
586 2138 616 2168 in
627 2137 732 2182 priore
747 2147 857 2170 errore
867 2134 1033 2173 Eusebius,
1043 2137 1076 2169 in
1086 2136 1189 2169 altero
1201 2147 1271 2169 me-

332 2186 438 2219 moria
446 2183 498 2218 sua
509 2182 638 2218 fefellit.
876 2194 881 2197 “

380 2247 521 2281 Ibidem.
539 2246 625 2294 Cujus
635 2246 736 2293 Asinius
746 2248 840 2281 Gallus
849 2247 931 2294 Afinit'
940 2246 1172 2294 Pollionisfilius.]
1190 2248 1268 2281 Sunt

334 2295 543 2354 Hieronymi.

379 2359 467 2394 Ibid.
490 2359 566 2406 cujus
581 2360 666 2392 etiam
678 2359 807 2403 Virgilius
816 2359 973 2407 menania]
996 2359 1026 2391 Is
1035 2379 1044 2394 ‚
1057 2357 1146 2402 cujus
1156 2355 1269 2404 Virgi-

331 2411 394 2444 lius
407 2410 565 2446 meminit,
576 2407 635 2441 fuit
647 2419 735 2454 pater
745 2407 847 2452 hujus,
862 2419 894 2440 ut
904 2411 933 2442 ἃ
946 2407 1153 2440 mediocriter
1162 2406 1265 2440 doctis

328 2458 468 2494 constat.
487 2459 550 2492 Sed
562 2455 689 2490 fortasse
701 2456 918 2503 Hieronymus
928 2456 1033 2496 sentit,
1049 2457 1081 2489 in
1100 2456 1182 2489 illius
1192 2467 1266 2503 gra—

327 2510 406 2543 tiam
419 2509 597 2542 Bucolicon
609 2508 737 2539 Sicelides
747 2506 827 2552 Mufie
841 2504 958 2539 facium
970 2505 1045 2539 esse.
1076 2504 1162 2538 Nam
1180 2505 1206 2537 is
1218 2503 1264 2537 est

328 2559 409 2605 ipse,
421 2558 474 2604 qui
485 2557 650 2590 Saloninus
664 2564 804 2588 vocatus.
827 2556 949 2602 Neque
966 2555 1115 2601 Ρῑοὶεέὶο
1131 2553 1190 2587 alia
1205 2551 1264 2586 fuit

327 2603 421 2643 :mens
441 2605 648 2651 Hieronymi.
675 2606 710 2637 In
733 2603 846 2637 eadem
864 2604 962 2650 igitur
973 2604 1098 2650 Ecloga
1116 2608 1147 2638 &
1167 2602 1263 2649 patris

326 2656 478 2691 meminit
490 2654 655 2701 Virgilius,
670 2656 700 2687 ὃ(
713 2652 791 2686 filii'.
811 2665 907 2701 quum
918 2664 953 2686 ea
964 2653 1068 2686 dicata
1078 2651 1113 2686 sit
1122 2652 1219 2698 patri,
1231 2651 1263 2684 in

324 2706 462 2755 gratiam
472 2714 577 2737 autem
600 2701 756 2736 filiifatsta.

375 2761 457 2796 Ibid.
504 2762 571 2793 diris
592 2757 610 2792 ὰ
630 2758 737 2792 Tiberio
750 2758 883 2805 suppliciis
899 2759 1066 2807 enecatum]
1097 2750 1261 2805 πτιρῥηα-ίςι

328 2810 443 2861 briasis:
463 2808 606 2864 πατρῶςι
625 2810 769 2867 &miv-*eg
784 2815 817 2846 τὸ
830 2809 997 2861 συμφέρον
1019 2809 1114 2855 οἰστῷ
1127 2808 1263 2861 χρώμε-

327 2862 405 2918 y&
421 2866 538 2904 πελλὲι
552 2860 637 2902 δεινὰ
652 2863 841 2907 «πεπιθὼν
855 2865 1059 2915 ἀπα-φάγη-
1078 2871 1125 2903 Εκ
1137 2872 1261 2904 Dione.

323 2923 452 2957 Eadem
465 2920 515 2953 die
526 2920 565 2953 ad
576 2919 758 2952 convivium
770 2919 786 2951 52
797 2918 938 2952 Tiberio
947 2919 1120 2958 adbibitus,
1130 2920 1262 2953 damna-

324 2980 394 3007 tus,
423 2971 497 3004 &in
516 2968 639 3003 vincula
658 2968 823 3012 conjeftus
845 2967 1196 3013 Ser.Suxlpiti0Galba,
1219 2969 1260 3002 L.

325 3019 486 3055 Cornelio
498 3018 599 3052 Gallo
619 3017 707 3051 Coss.
729 3029 813 3050 anuo
823 3028 859 3050 xx
868 3029 886 3049 x
897 3016 1034 3050 Tiberii.
1048 3017 1261 3065 Sequentibus

326 3067 521 3104 Consulibus
530 3066 614 3100 fame
625 3066 819 3101 excruciatus
829 3065 957 3099 tandem
966 3066 1123 3114 jugulatus
1134 3065 1192 3105 est,
1205 3079 1264 3100 [ιιι-

325 3130 419 3152 mero
437 3129 490 3150 ΜΜ
503 3129 537 3150 ι..
562 3117 687 3150 Αυέὲοι·
704 3115 851 3149 Tacitus.
880 3114 1143 3150 Prochronismus
1162 3128 1264 3149 anno-

323 3179 394 3200 rum
409 3166 598 3214 viginti.Sed
607 3163 759 3211 imposuit
768 3164 975 3210 Hieronymo
985 3177 1073 3198 mors
1087 3165 1183 3211 patris
1195 3165 1263 3210 ejus

327 3218 372 3250 C.
383 3215 483 3249 Asinii
494 3214 662 3255 Pollionis,
671 3215 725 3262 qui
736 3214 820 3247 circa
829 3213 890 3247 hoc
903 3225 1028 3260 tempus
1039 3214 1133 3254 obiit,
1146 3225 1180 3248 ut
1190 3220 1268 3261 pau-

323 3265 358 3296 lo
376 3276 448 3298 ante
461 3264 635 3299 retulimus,
654 3264 742 3309 quod
757 3263 856 3310 magis
867 3266 896 3297 3<
908 3262 1047 3296 nostram
1060 3267 1088 3297 δέ
1105 3265 1185 3298 Cor.
1197 3266 1269 3298 Ta-

321 3312 378 3345 citi
400 3313 439 3346 de
454 3315 496 3347 C.
509 3313 608 3346 Asinii
633 3323 737 3346 morte
755 3312 944 3346 sententiam
965 3310 1152 3351 confirmat,
1166 3325 1267 3361 quam

318 3382 344 3401 „
360 3362 467 3393 austor
481 3361 616 3408 Dialogi
628 3362 668 3394 de
678 3360 786 3395 cauffis
798 3372 952 3407 corruptae
964 3362 1158 3409 eloquentiae
1168 3362 1199 3395 in
1210 3374 1266 3395 ex-

324 3419 468 3442 tremum
481 3411 616 3455 Augusti
630 3411 840 3455 principatum
860 3411 1011 3454 conjecit.
1043 3413 1155 3458 Itaque
1167 3423 1264 3459 quum

325 3457 545 3502 Hieronymus
558 3459 599 3491 C.
610 3457 710 3491 Asinii
724 3459 876 3492 Pollionis
886 3470 1026 3493 mortem
1045 3459 1076 3493 in
1095 3472 1263 3494 numerum

325 3517 447 3542 mmxix
466 3507 637 3538 contulerit
648 3528 657 3543 ‚
675 3507 772 3554 idque
783 3506 861 3541 falso
872 3536 879 3547 ,
893 3511 924 3542 δι
942 3509 1052 3552 postea
1071 3509 1154 3555 apud
1163 3509 1264 3542 Taci-

324 3567 394 3590 tum
405 3564 456 3588 aut
468 3552 561 3586 alium
572 3554 758 3599 scriptorem
769 3555 892 3602 legisset
902 3558 945 3590 C.
958 3556 1104 3591 Asinium
1112 3568 1262 3592 extremo

321 3603 506 3653 principatu
528 3603 679 3648 Augusti,
699 3614 750 3636 aut
771 3604 894 3636 duobus
906 3606 1009 3639 Sextis
1019 3607 1196 3652 Pompejo,
1227 3610 1260 3641 δε

326 3652 494 3702 Appuleio
513 3650 602 3688 Coss.
618 3649 815 3699 obiille„ipse
827 3651 926 3688 silium
944 3655 1010 3690 esse
1021 3655 1163 3705 putavit,
1187 3655 1262 3704 quia

955 192 1247 238 JOSEPHI
1292 193 1681 228 SCALIGFRI

1321 259 1385 304 jam
1403 258 1442 291 de
1455 266 1542 303 patre
1552 258 1710 299 retulerat,
1729 255 1783 291 sed
1799 255 1888 292 falso.
1911 260 2116 306 Nequevero
2126 256 2257 295 dubium

1325 302 1476 355 estsquin
1495 307 1560 340 haec
1570 306 1695 340 errandi
1710 305 1816 340 caussa
1829 306 2146 353 Hieronyinofuerit.
2200 304 2203 306 ’

1373 367 1559 389 Miuxxxui.
1577 357 1658 388 Titus
1669 356 1791 403 Livius]
1826 356 2017 403 Hieronymi
2028 369 2066 390 ex
2076 357 2241 392 Suetonio.

1323 444 1326 445 ⁷
1374 403 1459 439 Ibid.
1480 405 1690 438 OvidiusPo'e'ta
1699 405 1727 436 in
1736 405 1821 437 exilio
1830 404 1903 437 diem
1913 406 2007 454 ohim]
2025 405 2214 452 Hieronymi
2225 414 2264 439 ex

1327 453 1664 489 Suetonio.scribebat
1676 452 1815 487 Ovidius
1826 453 1972 500 quintum
1980 455 2094 490 librum
2106 455 2201 489 Ponti
2208 467 2266 488 ex-

1329 513 1434 537 tremo
1453 503 1631 550 principatu
1642 500 1795 549 Augusti:
1819 503 1908 537 Nam
1918 502 2031 550 Elegia
2042 503 2162 550 quinta,
2177 503 2264 548 cujus

1329 552 1474 591 initium,
1505 559 1547 586 Ite
1563 554 1636 586 leves
1656 552 1753 596 Elegi,
1778 551 1924 599 dirigitur
1940 551 1978 584 ad
1990 551 2261 598 seml’ompejum

1334 599 1525 640 Consulem,
1537 602 1568 634 in
1578 601 1666 646 cujus
1683 599 1868 648 magistratu
1879 600 1961 647 obiit
1971 600 2145 648 Augustus.
2168 603 2205 634 ln
2215 598 2263 633 se-

1332 650 1503 698 quentibus
1529 651 1650 698 Elegiis
1671 649 1710 684 ad
1738 650 2004 688 Albinovanum,
2029 651 2108 683 item
2132 650 2172 683 ad
2193 649 2265 697 Ca-

1331 712 1400 733 rum
1422 697 1647 733 aiteainfuisse
1662 699 1781 733 sextam
1791 699 1929 733 hiemem
1940 699 2024 734 exilii
2038 698 2092 732 sui.
2115 700 2190 733 Erat
2207 708 2262 730 an—

1330 759 1387 782 nus
1398 747 1536 793 Julianus
1549 760 1622 782 Lix.
1650 750 1701 783 Eo
1721 749 1807 783 enim
1817 748 1897 782 obiit
1912 748 2085 796 Augustus.
2109 746 2264 782 Detineto
2305 767 2307 769 -

1331 796 1554 845 quinquennio
1565 823 1573 836 ,
1594 798 1682 844 quod
1699 799 1762 844 jam
1775 808 1926 846 exegerat
1945 810 1977 843 in
1989 798 2107 837 exilio,
2125 805 2270 831 remanet

1329 857 1427 880 annus
1449 857 1512 879 Liv
1524 844 1679 890 Julianus,
1691 860 1756 894 quo
1767 846 1870 893 pulsus
1884 846 1931 881 est
1946 846 1978 880 in
1987 845 2128 881 exilium.
2155 847 2262 880 Natus

1328 905 1435 929 autem
1446 894 1542 928 tertio
1552 894 1690 939 Juliano.
1713 897 1789 939 Erat
1799 908 1877 944 ergo
1886 908 2041 930 annorum
2052 894 2264 944 quinquagin-

1329 956 1360 979 ta
1371 944 1506 978 duorum
1516 942 1805 991 solidorum‚quum
1816 945 1946 979 excessit
1955 957 1993 979 ex
2007 947 2182 993 Italia,quae
2193 942 2264 977 sunt

1329 996 1442 1028 decem
1453 992 1550 1026 lustra
1560 993 1721 1030 Romana,
1736 996 1766 1027 &
1781 993 1844 1026 duo
1855 993 1926 1026 anni
1937 1005 2101 1040 praeterea,
2111 1007 2133 1028 x
2144 1004 2191 1027 ιιι
2208 1004 2264 1026 au·-

1329 1054 1395 1077 tem
1407 1042 1621 1088 Olympiades
1631 1040 1757 1075 solidae:
1776 1042 1854 1075 licet
1870 1041 1936 1089 ipse
1953 1043 2029 1076 alibi
2047 1043 2130 1077 dicat
2149 1042 2263 1076 dec‘em

1328 1091 1425 1127 lustra
1437 1092 1500 1137 Oly
1507 1104 1538 1124 m
1542 1091 1613 1138 pica
1621 1089 1710 1125 fuiffe
1720 1089 1737 1124 31
1746 1089 1915 1128 natalisuo,
1921 1103 2016 1140 quum
2025 1093 2220 1140 relegaretur
2230 1103 2254 1138 :³

1414 1158 1531 1201 Postque
1540 1168 1611 1191 meos
1621 1167 1696 1191 ortus
1704 1157 1786 1204 Pisaea
1794 1159 1865 1193 vinei
1868 1170 1898 1191 us
1905 1159 1979 1192 oliva

1456 1205 1604 1255 Abstulerat
1617 1208 1704 1241 decies
1717 1210 1828 1253 praemia
1838 1210 1923 1241 metor
1931 1217 2021 1252 eques,
2114 1246 2117 1251 p

1411 1258 1510 1300 ‚Qum
1529 1268 1612 1289 maru
1626 1259 1725 1291 Eua-‘int
1738 1257 1834 1303 pofitos
1841 1259 1878 1291 ad
1886 1259 1953 1292 lava
1965 1258 2087 1291 Tomitas·

1453 1307 1580 1351 Qaerere
1594 1317 1638 1339 me
1655 1306 1701 1353 ἰωῇ
1712 1307 1893 1351 Principiaira
1906 1306 1999 1355 jubet.

1329 1368 1413 1418 quasi
1425 1369 1597 1416 Olympias
1610 1369 1645 1404 sit
1655 1369 1785 1405 lustrum
1797 1372 1984 1406 Romanum
1995 1394 2004 1410 ,
2023 1371 2055 1406 id
2066 1370 2113 1406 est
2123 1371 2263 1420 quinque

1329 1419 1403 1453 anni
1414 1418 1561 1454 absoluti.
1588 1421 1676 1467 quod
1689 1420 1820 1468 quidem
1832 1420 2116 1468 putavitdeceptus
2134 1433 2266 1466 nomine

1333 1465 1595 1518 orestae-evaeis&
1607 1498 1619 1516 ,
1652 1489 1747 1525 quum
1766 1488 1874 1511 tamen
1897 1470 2104 1520 ffezsl’aengc
2118 1477 2261 1516 dietam,

1330 1535 1396 1557 non
1407 1527 1493 1571 quod
1504 1525 1646 1572 quinque
1656 1528 1746 1560 annis
1763 1526 1914 1561 absolutis
1931 1526 2089 1561 constaret
2099 1549 2108 1564 ‚
2127 1525 2179 1560 sed
2192 1529 2265 1574 quia

1329 1572 1444 1620 quinto
1455 1585 1649 1620 quoq-,anno
1659 1577 1777 1610 rediret
1795 1577 1828 1610 in
1838 1575 1971 1610 orbem:
1991 1576 2264 1624 quemadmodum

1328 1621 1404 1655 alibi
1421 1633 1567 1656 accurate
1584 1623 1873 1659 demonstravimus
1886 1649 1895 1658 .
1922 1626 2004 1660 Ideo
2025 1626 2264 1673 quinquennem

1332 1671 1527 1717 Olympiada
1539 1683 1642 1711 vocat,
1654 1687 1721 1721 quae
1733 1685 1855 1708 tantum
1866 1685 1932 1708 erat
1941 1674 2162 1722 quadriennis:

1412 1724 1445 1753 In
1455 1721 1565 1765 Scythia
1574 1722 1645 1755 nobis
1654 1726 1829 1767 quinquennu
1843 1726 1983 1771 Olympias
1992 1727 2056 1758 atla

1452 1774 1515 1803 Iam
1526 1778 1632 1815 tempus
1640 1771 1717 1818 lustri
1726 1774 1809 1808 vertit
1820 1773 1848 1805 in
1857 1774 1983 1807 alterius.
2068 1772 2071 1775 ’

1328 1831 1393 1867 Sed
1409 1834 1624 1867 concedamus
1634 1835 1866 1882 Olympiadem
1886 1836 2155 1884 quinquennalem
2168 1840 2199 1873 δι
2210 1837 2261 1872 lu-

1328 1882 1394 1916 stro
1404 1883 1557 1916 Romano
1566 1883 1720 1931 aequalem
1731 1884 1831 1926 fuifle,
1840 1897 1952 1933 praeter
1964 1887 2076 1921 decem
2094 1887 2186 1921 lustra
2195 1887 2260 1922 duo

1329 1931 1402 1965 anni
1412 1942 1596 1966 excurrunt.
1625 1934 1686 1967 Sed
1707 1934 1770 1968 hoc
1788 1947 1853 1969 non
1864 1947 1935 1969 raro
1946 1945 2071 1970 veteres
2086 1935 2215 1977 faciunt,
2225 1947 2259 1971 ut

1328 1993 1457 2028 parvam
1477 1978 1631 2015 summam
1650 1983 1863 2024 dissimulent,
1888 1985 2033 2018 contenti
2052 1986 2264 2026 millenarios,

1325 2030 1526 2064 centenarios
1536 2035 1566 2066 &
1580 2031 1728 2066 denarios
1736 2044 1868 2079 ponere:
1882 2034 1967 2081 quod
1976 2045 2041 2067 non
2050 2033 2148 2068 semel
2158 2035 2174 2068 a
2184 2036 2260 2069 De-

1326 2078 1620 2114 mosthenefaetum
1630 2082 1822 2115 notavimus.
1846 2081 2106 2129 Itaqueipsemet
2125 2084 2259 2118 inter-‘⁶

1326 2139 1469 2176 pretatur
1480 2139 1623 2162 mentem
1642 2128 1727 2163 suam
1745 2130 1836 2163 initio
1846 2131 1993 2165 carminis
2003 2131 2035 2165 in
2048 2132 2129 2166 Ibim
2140 2154 2149 2167 ‚
2173 2133 2225 2167 ubi
2236 2142 2262 2160 “

1327 2179 1373 2211 bis
1384 2177 1628 2225 quinquelustra
1639 2177 1694 2211 fibi
1710 2179 1834 2224 Ρεῑειᾶει
1844 2178 1938 2221 dicit,
1950 2181 2011 2215 hoc
2023 2180 2067 2215 est
2079 2180 2110 2216 se
2130 2183 2222 2230 quin—
2233 2191 2260 2209 (ὅ

1325 2225 1543 2273 quagesimum
1555 2238 1671 2260 annum
1690 2227 1758 2261 vitae
1774 2227 1947 2276 peregisse,
1963 2243 2060 2278 quum
2080 2231 2133 2265 illa
2149 2230 2224 2266 scri·
2238 2241 2262 2258 ί(

1323 2275 1433 2314 beret,
1460 2275 1566 2321 primo
1583 2287 1668 2309 anno
1685 2277 1771 2310 exilii
1790 2275 1832 2311 sui
1846 2306 1854 2318 ‚
1883 2280 1937 2326 qui
1953 2290 2020 2314 erat
2036 2272 2170 2320 tertius,
2190 2285 2259 2316 &0‘

1322 2322 1603 2371 quinquagesimus
1615 2337 1742 2359 currens
1751 2327 1850 2360 aetatis
1861 2329 1927 2372 ejus
1938 2350 1948 2366 ‚
1960 2329 2082 2363 Christi
2091 2331 2224 2377 Diony-
2235 2337 2258 2354 ⁸*

1321 2373 1435 2411 sranus,
1454 2373 1611 2412 decimus,
1627 2378 1661 2408 P.
1673 2376 1776 2408 Corn.
1788 2377 1964 2412 Dolabella
1975 2400 1984 2416 ,
2000 2379 2044 2414 C.
2057 2380 2257 2425 JunioSil-“

1319 2422 1394 2455 lano
1420 2421 1510 2455 Coss.
1543 2427 1644 2457 Porro
1661 2422 1819 2459 scribebat
1837 2427 1983 2474 Elegiam
2004 2440 2016 2461 1
2031 2439 2053 2461 x
2086 2428 2160 2463 libri
2178 2442 2189 2463 ι
2202 2443 2220 2464 ν
2232 2435 2257 2455 “

1319 2471 1435 2510 Ponti,
1464 2483 1548 2504 anno
1566 2484 1657 2506 nono
1676 2474 1781 2512 exilii,
1806 2475 1933 2520 Juliano
1952 2488 2037 2510 Lxxi
2050 2484 2073 2510 ι’.
2100 2479 2188 2512 Nam
2206 2479 2253 2515 ibi

1319 2521 1537 2567 Pomponium
1549 2521 1698 2577 Flaccum
1709 2524 1881 2569 Pomponii
1900 2526 2039 2559 Graecini
2055 2524 2186 2561 fratrem
2204 2528 2252 2562 fa-

1317 2567 1383 2602 sces
1394 2569 1699 2616 proximojanuario
1710 2570 1902 2619 sumpturum
1921 2574 2008 2609 dicit.
2034 2577 2114 2609 Sane
2125 2576 2252 2612 Consu-

1318 2618 1397 2651 latus
1408 2620 1581 2665 Pomponii
1591 2620 1696 2653 Flacci
1709 2621 1822 2655 incidit
1831 2622 1861 2655 in
1872 2635 1988 2657 annum
1997 2624 2157 2668 Julianum
2169 2638 2247 2666 an,

1318 2680 1454 2702 numero
1471 2668 1533 2702 hoc
1551 2680 1747 2704 Minxxxni.
1773 2670 1869 2706 Obiit
1886 2672 1980 2721 igitur
1998 2673 2245 2710 annoexiliisui:

1318 2729 1384 2751 non
1394 2718 1527 2752 onstavo.

1367 2767 1453 2801 Ibid.
1482 2767 1741 2815 &juxtaoppidum
1754 2776 1850 2805 Tomos
1864 2772 2025 2822 fipelitur]
2051 2774 2157 2808 Etiam
2170 2775 2250 2822 Epi-

1317 2817 1463 2864 taphium
1473 2817 1516 2850 ibi
1529 2828 1692 2864 repertum
1703 2831 1862 2867 nugantur
1871 2844 1880 2860 ‚
1901 2822 1987 2869 quod
1999 2826 2028 2857 ἃ
2042 2823 2101 2857 ausi
2111 2822 2246 2858 suntuna

1318 2879 1390 2902 cum
1403 2866 1574 2901 Ovidianis
1586 2868 1737 2913 operibus
1748 2870 1856 2904 edere.
1867 2871 1954 2919 quod
1965 2872 2094 2918 quinon
2110 2872 2198 2908 videt
2205 2874 2245 2907 ab

1318 2917 1450 2952 homine
1462 2915 1598 2950 barbaro
1610 2915 1761 2963 prodiisse
1772 2941 1781 2957 ,
1792 2922 1824 2954 δε
1837 2922 1941 2953 omnis
1950 2921 2114 2968 elegantiae
2125 2924 2246 2958 Latinae

1317 2966 1489 3013 imperito,
1508 2966 1534 2999 is
1545 2965 1668 3014 quidsit
1678 2968 1808 3002 Latinus
1826 2967 1948 3009 sermo,
1969 2969 2078 3005 nescit.
2102 2974 2165 3006 Sed
2183 2980 2242 3006 nec

1318 3015 1554 3052 meliorisnotae
1572 3016 1723 3057 suntilla,
1743 3029 1810 3064 quae
1820 3018 1927 3053 retulit
1945 3020 2247 3057 viraccuratiffimus

1318 3066 1419 3101 Lilius
1429 3064 1609 3112 Gregorius
1617 3065 1793 3112 Gyraldus.
1819 3069 1948 3108 attende,
1957 3070 2058 3114 inquit,
2068 3071 2163 3118 quaefh,
2175 3072 2241 3109 Lilt,

1317 3127 1373 3161 quae
1381 3126 1416 3147 ex
1423 3115 1561 3147 communi
1570 3116 1706 3149 amicolm
1718 3116 1810 3149 diebus
1819 3118 1927 3151 autimi.
1947 3124 1960 3150 Ι
1963 3131 1973 3151 5
1991 3119 2099 3166 enimse
2107 3122 2180 3154 domi
2191 3122 2242 3153 ba-

1321 3166 1382 3199 bere
1390 3162 1687 3209 affirmabatquaepiam
1699 3166 1800 3198 Caecilii
1810 3168 1962 3200 Minutiani
1974 3170 2068 3213 Apulei
2071 3170 2241 3215 fragmenta,

1321 3215 1349 3248 in
1365 3217 1459 3257 qmvus
1469 3212 1502 3245 de
1511 3214 1612 3246 ovidio
1624 3214 1767 3247 poetam
1777 3213 1842 3258 fere
1859 3217 1970 3250 inerant
1984 3218 2150 3264 perscripta:
2171 3210 2241 3250 suin

1314 3263 1417 3310 scilicet
1426 3262 1557 3295 Kalendis
1570 3264 1704 3302 Ianuarii,
1714 3273 1769 3307 qua
1784 3265 1828 3296 dic
1840 3266 1918 3298 Titus
1934 3272 2037 3310 quoque
2048 3267 2138 3300 Livius
2152 3264 2243 3310 deces-

1313 3312 1396 3359 fierit,
1405 3322 1476 3344 anno
1480 3309 1524 3355 sui
1534 3312 1614 3343 exilii
1624 3310 1754 3356 septimo,
1764 3313 1901 3347 bominem
1916 3315 1964 3361 effe
1972 3315 2083 3361 defiijse:
2094 3313 2245 3360 strut‘lum-

1320 3372 1372 3409 qye
1382 3361 1421 3394 illi
1430 3360 1538 3406 tymbon
1547 3357 1565 3392 ἀ
1574 3361 1701 3394 Barbaria
1709 3371 1775 3395 ante
1782 3361 1899 3407 suarum
1907 3365 2003 3397 adium
2007 3364 2137 3409 januam.
2166 3364 2243 3396 Idem

1320 3410 1497 3443 minutianus
1515 3410 1555 3441 ait
1564 3410 1642 3446 item,
1655 3421 1736 3453 quem
1746 3410 1816 3444 ibim
1825 3412 1954 3457 fimulato
1963 3413 2071 3445 nomine
2080 3411 2243 3455 appellarat,

1322 3461 1475 3492 corvinum
1485 3455 1576 3503 fuisse,
1587 3469 1633 3502 qm
1643 3461 1779 3492 exulant&
1791 3463 1870 3504 po'e'm
1879 3470 1991 3494 uxorem
1997 3459 2169 3504 sollicitaffet.
2189 3466 2247 3493 Re-

1319 3509 1460 3551 legationis
1473 3507 1591 3552 caussam
1594 3506 1689 3553 suiffe,
1699 3509 1769 3552 quod
1778 3507 1897 3552 Augus‘h'
1909 3509 2040 3541 incestum
2050 3508 2162 3554 vidijffl.
2176 3511 2247 3543 Ha-

1317 3557 1426 3590 &enus
1443 3555 1509 3589 ille.
1534 3555 1597 3589 Sed
1609 3555 1778 3601 quomodo
1789 3555 2164 3591 virtantaeleffionistam
2177 3556 2250 3592 sub-
2266 3579 2270 3582 -
2314 3574 2324 3578 ν

1316 3606 1401 3639 aetus
1410 3605 1441 3638 in
1453 3614 1600 3638 veterum
1609 3603 1731 3649 scriptis
1749 3603 1910 3649 stropham
1921 3616 1987 3638 non
1996 3606 2245 3642 animadvertit?

1316 3655 1440 3695 Omnia
1449 3653 1535 3690 enim
1541 3651 1628 3694 falsa,
1638 3652 1742 3694 anilia,
1754 3652 1917 3700 nugatoria
1924 3651 1944 3690 s
1942 3664 2007 3690 unt.
2027 3657 2115 3704 Nam
2126 3657 2212 3706 quod
2223 3665 2247 3683 ‘⁶

2190 3715 2244 3745 ait,

2355 404 2361 412 .

2358 419 2364 459 τ’

2355 466 2366 489 ᾖ

2361 494 2366 506 r

2353 513 2366 562 'l
