2366 4040
0 3158 2 3173 v

0 3286 77 3334 5122*st
85 3287 268 3326 Τὲωξψῧῗᾶκᾳ
277 3286 323 3316 αὖ·

0 3337 4 3358 1
27 3324 195 3365 τῖῐῆἶὲἆὶικεν
209 3328 323 3369 λ’πὸΠες-

0 3386 2 3399 ,-
26 3366 100 3399 eid&
111 3372 134 3409 ,ἦ
146 3369 325 3406 Ba'x‘rg’vrj'ut.

430 186 519 227 EX
549 145 873 246 EUSEBlO,
904 179 1308 227 AFRICANQ
1339 177 1425 220 ET
1455 176 1656 221 ALIIS'.
1720 193 1770 231 59

372 271 484 312 rupta
497 257 552 297 est
565 266 693 296 autem
705 264 804 293 terra
814 264 945 292 coram
957 250 1068 290 Deo:
1090 254 1129 290 ὅ(
1147 250 1296 304 repleta
1308 249 1364 290 est
1375 261 1475 290 terra
1485 249 1704 303 iniquitate.
1721 248 1771 290 Et

373 315 473 355 vidit
489 312 679 353 Dominus
693 309 799 349 Deus
809 319 944 348 terram
953 335 965 354 ‚
987 307 1080 359 quia
1089 317 1274 359 corrupta
1283 316 1374 345 erat.
1398 304 1537 344 Omnis
1547 306 1697 358 quippe
1709 318 1773 344 ca-

375 385 421 412 ro
434 375 654 419 corruperat
665 365 768 404 viam
789 363 892 404 suam
906 360 1017 414 super
1033 372 1182 401 terram.
1206 362 1254 401 Et
1263 361 1365 400 dixit
1387 361 1585 400 Dominus
1600 360 1709 398 Deus
1719 360 1771 399 ad

356 440 359 441 ⁷
374 423 496 467 Noe:
520 423 697 474 Tempus
711 419 883 460 omnium
893 430 1020 456 rerum
1033 419 1143 456 venit
1154 430 1286 456 coram
1298 429 1371 456 me.
1393 416 1442 455 Et
1452 416 1544 470 quia
1556 416 1703 468 repleta
1717 414 1773 454 est

376 494 472 522 terra
483 477 690 531 iniquitate
701 487 836 516 eorum
849 501 861 520 ,
873 475 911 514 &
922 485 1016 511 ecce
1029 486 1275 524 corrumpam
1288 484 1357 511 eos
1368 500 1380 519 ,
1394 475 1430 511 ὅ(
1454 483 1603 511 terram·
1617 470 1695 510 Fac
1706 484 1776 510 au·

378 549 455 578 tem
468 534 541 573 tibi
559 534 697 572 Arcam
710 531 760 570 de
770 529 886 580 lignis
905 528 1124 581 quadratis:
1144 529 1304 568 &linies
1316 540 1400 566 eam
1419 525 1646 567 intrinsecus
1658 530 1694 566 ὅ(
1707 538 1775 565 ex-

378 587 565 630 trinsecus
574 585 776 639 asphaltou
797 584 991 624 bitumini.
1017 583 1065 622 Et
1084 584 1198 636 quod
1220 583 1403 636 sequitur.
1425 583 1475 623 Et
1493 581 1586 623 fecit
1606 582 1705 622 Noe
1729 595 1774 620 o-

376 645 503 690 mnia,
523 655 610 695 quae
629 649 863 694 praeceperat
883 638 941 679 illi
955 639 1148 678 Dominus
1168 638 1283 678 Deus.
1305 637 1353 677 Et
1370 650 1451 678 erat
1463 638 1507 678 N
1512 651 1562 678 oe
1581 650 1775 679 annorum

375 699 667 739 sexcentorum.‘
685 696 807 737 Fiunt
816 706 945 735 autem
965 693 1175 745 fimulanni
1188 695 1272 733 duo
1293 693 1414 734 millia
1426 694 1589 734 ducenti
1609 693 1774 746 quadra-

375 755 485 808 ginta
495 754 592 793 duo.
618 752 667 804 Et
678 751 886 792 Diluvium
906 763 1092 803 aquarum
1103 748 1246 790 fanum
1263 748 1318 789 est
1327 748 1438 803 supra
1457 760 1597 789 terram
1610 749 1774 802 quadra-

376 811 487 863 ginta
498 808 656 853 diebus,
677 812 714 849 &
727 806 986 860 quadraginta
1005 804 1204 860 noffihbus:
1226 808 1263 844 δε
1277 817 1430 844 mortua
1448 804 1504 844 est
1525 806 1649 844 omnis
1661 817 1775 844 caro:

377 865 530 919 quique
542 862 677 903 habuit
688 862 863 916 spiritum
873 862 962 901 vitae
973 861 1013 899 in
1028 859 1230 912 semetipso
1242 858 1357 911 super
1367 871 1485 899 tera-m
1496 889 1508 905 ,
1530 858 1576 898 ab
1589 859 1749 900 homine
1762 887 1775 904 ‚

376 920 499 974 usque
513 919 563 959 ad
575 931 692 971 pecus
703 947 715 966 ,
724 921 761 957 &
772 917 909 970 reptile
920 944 931 961 ,
942 919 981 955 &
990 913 1155 954 ferarum
1168 943 1179 961 ,
1191 918 1228 952 ee
1238 915 1416 954 omnium
1430 944 1441 960 ‚
1450 914 1563 966 quod
1574 926 1653 954 erat
1664 914 1775 968 super

377 987 515 1016 terram
526 975 670 1014 habens
681 973 855 1027 spiritum
867 973 955 1010 vitae
965 970 1002 1009 in
1022 968 1239 1021 semetipso.

323 1031 418 1073 Post
429 1030 509 1071 haec
520 1041 649 1070 autem
660 1028 699 1069 in
711 1025 987 1068 sexcentesimo
1000 1025 1128 1078 primo
1139 1038 1243 1063 anno
1258 1025 1356 1064 exiit
1369 1024 1467 1064 Noe
1481 1027 1540 1073 ,&
1555 1026 1777 1078 omnes,qui

381 1099 472 1127 cum
485 1100 536 1125 eo
547 1094 654 1124 erant
666 1111 678 1131 ,
700 1082 748 1124 de
761 1084 873 1123 Arca.
894 1080 1015 1122 Fiunt
1025 1090 1155 1119 autem
1165 1078 1325 1119 fimulab
1335 1080 1462 1120 Adam
1476 1109 1487 1128 ‚
1507 1081 1630 1134 usque
1642 1082 1692 1121 ad
1706 1081 1779 1119 Di-

379 1142 530 1183 luvii‘im
544 1139 585 1179 N
593 1153 641 1179 oe
653 1146 666 1186 ,·
676 1138 861 1179 anniduo
873 1135 992 1176 millia
1002 1134 1165 1174 ducenti
1176 1134 1436 1187 quadraginta
1445 1136 1541 1176 duo.
1565 1137 1612 1176 Et
1625 1137 1646 1175 ἐι,
1661 1136 1776 1176 Dilu-

378 1199 449 1237 vio
468 1194 592 1241 Noe,
621 1193 743 1247 usque
759 1192 810 1232 ad
829 1191 969 1236 Turris
987 1189 1314 1237 aedificationem,
1353 1194 1389 1230 ὅ(
1413 1190 1685 1231 confusionem
1707 1192 1780 1230 lin-

338 1278 339 1281 =
379 1262 565 1305 guarum,
585 1249 855 1303 generationes
876 1245 961 1287 sex:
989 1246 1082 1287 anni
1098 1255 1233 1285 autem
1252 1247 1463 1299 quingenti
1488 1248 1779 1302 quinquaginta

382 1306 487 1347 otio.

323 1361 383 1402 Hi
397 1373 527 1401 autem
536 1357 622 1399 sunt
631 1358 702 1399 filii
716 1358 830 1407 Noe,
841 1357 945 1405 Sem,
956 1356 1100 1405 Cham,
1114 1361 1151 1397 δε
1165 1355 1304 1410 Japhet
1313 1357 1403 1412 post
1416 1357 1622 1407 Diluvium
1633 1386 1643 1404 ,
1655 1356 1727 1396 sic:

326 1417 412 1457 Sem
424 1415 546 1456 fastus
559 1415 615 1455 est
625 1428 813 1455 annorum
824 1426 984 1454 centum
993 1414 1118 1454 unius.
1130 1412 1248 1452 Fiunt
1258 1412 1365 1454 simul
1378 1415 1471 1467 anni
1480 1414 1560 1455 duo
1573 1414 1694 1453 millia
1705 1424 1780 1453 tre-

381 1472 487 1512 centi
497 1471 755 1525 quadraginta
766 1482 863 1510 tres:
878 1473 915 1508 &
928 1469 1066 1522 genuit
1079 1466 1262 1508 Arfaxad.

326 1527 499 1568 Arfaxad
509 1537 642 1567 autem
653 1526 751 1566 vixit
761 1538 886 1566 annos
898 1535 1058 1564 centum
1067 1524 1226 1576 triginta
1238 1515 1432 1578 quinque.
1451 1525 1578 1565 Fiuntv
1594 1524 1706 1565 fimul
1715 1534 1781 1565 'an-

382 1584 424 1623 ni
435 1583 519 1622 duo
531 1582 650 1622 millia
663 1581 947 1635 quadringenti
959 1579 1203 1641 septuaginta
1214 1581 1309 1620 οᾶο
1321 1594 1329 1619 :
1343 1584 1381 1620 δε
1392 1582 1531 1634 genuit
1543 1581 1707 1622 Cainan-

327 1638 479 1678 Cainan
491 1648 619 1680 autem
633 1638 731 1677 vixit
742 1650 864 1676 annos
874 1647 1033 1676 centum
1043 1636 1336 1689 triginta.Fiunt
1348 1635 1459 1676 fimul
1469 1638 1558 1677 anni
1569 1636 1651 1677 duo
1661 1635 1783 1677 millia

383 1692 554 1734 sexcenti
564 1693 674 1733 οᾶοε
692 1695 731 1732 &
744 1692 882 1745 genuit
894 1690 1031 1731 Salam.

330 1747 456 1788 Salam
468 1761 597 1789 autem
607 1748 707 1788 vixit
719 1761 840 1787 annos
850 1759 1007 1786 centum
1018 1747 1188 1800 triginta.
1211 1747 1333 1788 Fiunt
1345 1745 1455 1793 fimul
1466 1748 1557 1789 anni
1568 1749 1652 1789 duo
1661 1745 1782 1787 millia

386 1803 619 1856 septingenti
632 1806 789 1855 triginta
802 1802 917 1842 osto:
934 1803 1120 1854 &genuit
1132 1803 1257 1842 liber.-

331 1857 437 1898 Eber
463 1870 596 1898 autem
620 1859 717 1897 vixit
732 1870 856 1896 annos
875 1868 1034 1896 centum·
1045 1857 1204 1909 triginta
1224 1869 1405 1910 quatuor·
1426 1857 1544 1898 Fiunt
1562 1856 1673 1898 simul
1691 1859 1785 1897 anni

385 1912 469 1951 duo
483 1912 602 1952 millia
621 1912 837 1964 octingenti
855 1911 1092 1950 duodecim:
1112 1915 1151 1953 δε
1169 1914 1309 1964 genuit
1321 1912 1490 1965 Phaleg,
1512 1917 1550 1952 &
1562 1915 1699 1964 Ragau
1712 1912 1786 1951 fra-

382 1978 481 2007 trem
494 1969 587 2018 ejus.
614 1965 690 2006 Sub
702 1967 786 2019 ipso
797 1964 940 2006 frustum
953 1966 1007 2006 est
1019 1966 1202 2018 diffperfio
1213 1996 1224 2013 ‚
1242 1971 1278 2007 &
1291 1967 1364 2008 fuit
1383 1970 1508 2008 omnis
1518 1978 1614 2007 terra
1628 1968 1728 2007 labia
1747 1971 1786 2006 δε

388 2035 470 2064 vox
482 2036 557 2062 una
569 2021 763 2061 omnibus.
780 2021 829 2061 Et
839 2019 982 2061 fadum
994 2021 1049 2061 est
1062 2049 1074 2068 ,
1085 2022 1179 2061 dum
1191 2035 1396 2063 moverent
1407 2022 1453 2062 ab
1465 2023 1632 2062 Oriente
1646 2051 1657 2069 ,
1677 2024 1788 2062 inve-

387 2088 528 2117 nerunt
539 2076 725 2123 Paucum,
736 2077 848 2127 quod
859 2075 914 2115 est
931 2088 1029 2116 terra
1038 2075 1232 2117 fruffifera
1242 2106 1251 2120 ,
1263 2080 1300 2118 in
1314 2090 1395 2118 tera
1407 2077 1598 2118 Sennaar:
1624 2082 1662 2120 ὅς
1677 2077 1783 2117 habi-

387 2130 642 2171 taveruntibi.
663 2131 712 2170 Et
723 2131 824 2169 dixit
835 2130 957 2170 horno
967 2131 1017 2171 ad
1028 2133 1250 2183 proximum
1271 2133 1399 2173 suum:
1427 2132 1575 2172 Venite
1598 2131 1787 2173 faciamus

387 2186 504 2225 nobis
516 2186 653 2225 lateres
665 2213 677 2232 ,
688 2189 725 2224 &
741 2198 953 2238 coquamus
964 2199 1032 2226 cos
1043 2188 1143 2239 igne·
1165 2186 1213 2227 Et
1224 2187 1321 2228 faeta
1332 2188 1387 2228 est
1397 2188 1452 2228 eis
1462 2187 1541 2239 ipsa
1552 2188 1668 2228 latera
1680 2187 1787 2241 quasi

385 2241 498 2294 lapis,
511 2245 549 2280 δε
561 2240 733 2280 bitumen
749 2253 828 2280 erat
837 2241 891 2280 eis
903 2241 1018 2282 lutus.
1033 2242 1081 2281 Et
1090 2242 1284 2282 dixerunt:
1295 2243 1457 2290 Venite,
1467 2242 1705 2283 aedificemus
1716 2257 1789 2282 no-

388 2297 446 2337 bis
455 2297 668 2343 civitatem,
681 2300 718 2335 &
730 2306 887 2342 turrem,
898 2298 1007 2347 cujus
1017 2308 1132 2349 caput
1144 2297 1187 2337 fit
1199 2297 1320 2352 usque
1329 2299 1378 2338 ad
1389 2298 1525 2339 caelum
1536 2314 1543 2337 :
1554 2303 1590 2338 ὅ(
1603 2298 1789 2339 faciamus

387 2352 502 2391 nobis
514 2364 659 2390 nomen
677 2362 887 2404 antequam
906 2351 1059 2404 dispersi
1071 2351 1257 2394 fuerimus
1268 2354 1375 2407 super
1394 2350 1699 2394 omnem'faciem
1711 2366 1787 2394 tet·

387 2420 448 2446 rae·
462 2407 509 2446 Et
519 2405 719 2446 descendit
739 2406 932 2447 Dominus
942 2408 1051 2448 Deus
1062 2409 1195 2452 videre
1207 2411 1406 2450 civitatem
1419 2438 1430 2456 ,
1444 2414 1482 2449 δε
1493 2412 1629 2450 turrim
1642 2439 1654 2457 ,
1666 2423 1788 2463 quam

386 2461 680 2502 aedificaverunt
693 2459 764 2500 filii
775 2460 990 2504 hominum.
1013 2463 1061 2503 Et
1071 2464 1172 2504 dixit
1184 2465 1400 2505 Dominus:
1420 2465 1632 2506 Eccelabia
1653 2469 1690 2504 ὅς
1706 2479 1788 2505 vox

387 2517 569 2558 omnibus
581 2520 710 2556 una:&
727 2517 803 2555 hoc
814 2517 1014 2558 initiarunt
1026 2517 1167 2559 facere:
1180 2524 1337 2560 ‹Se-nunc
1351 2534 1430 2560 non
1440 2522 1629 2562 minuitur
1638 2534 1686 2560 ex
1698 2520 1789 2573 ipfis

388 2573 519 2612 omnia
530 2584 777 2625 quaecunque
789 2571 1080 2623 proposuerunt
1090 2572 1226 2615 facere.
1244 2576 1397 2616 Venite
1408 2604 1419 2623 ‚
1441 2576 1719 2616 descendentes
1729 2577 1788 2616 di-

387 2626 525 2680 spersas
539 2625 790 2666 faciamusibi
809 2640 945 2666 eorum
964 2628 1134 2679 linguas,
1154 2641 1198 2669 ut
1218 2644 1297 2670 non
1311 2631 1497 2670 obaudiat
1515 2629 1784 2684 unusquisque

388 2696 530 2721 vocem
550 2680 793 2734 proximisui.
825 2681 873 2721 Et
883 2681 1055 2735 dispersit
1073 2683 1162 2723 illos
1175 2685 1367 2725 Dominus
1388 2686 1492 2725 Deus
1504 2687 1595 2726 inde
1608 2687 1720 2738 super
1729 2684 1784 2726 fa-

387 2737 489 2776 ciem
501 2739 625 2777 omnis
643 2748 773 2775 terrae:
798 2739 837 2774 ὅτ
857 2735 1096 2777 cessaverunt
1107 2737 1342 2780 aedificantes
1354 2741 1553 2780 civitatem
1574 2745 1611 2780 ὃς
1624 2752 1783 2781 turrem.

364 2828 365 2831 ,
387 2791 643 2845 Propterhoc
654 2802 840 2832 vocatum
851 2790 907 2830 est
928 2805 1073 2831 nomen
1086 2792 1170 2844 ejus
1188 2793 1391 2834 confusio:
1413 2796 1506 2848 quia
1525 2797 1578 2834 ibi
1600 2792 1785 2836 confudit

387 2847 585 2887 Dominus
596 2847 694 2887 labia
705 2846 832 2886 omnis
852 2857 971 2888 terrae-
985 2847 1033 2886 Et
1041 2849 1185 2888 exinde
1196 2848 1368 2901 dispersit
1377 2864 1444 2890 eos
1465 2850 1663 2891 Dominus
1675 2853 1786 2891 Deus

389 2902 503 2953 super
515 2916 675 2942 omnem
687 2901 824 2942 faciem
835 2911 953 2942 terrae.
976 2902 1098 2943 Fiunt
1108 2915 1240 2943 autem
1253 2904 1418 2945 fimulab
1431 2906 1557 2945 Adam
1570 2934 1581 2952 ,
1592 2906 1717 2959 usque
1730 2907 1780 2946 ad

391 2953 530 2995 Turris
541 2957 841 2997 aedificationem
855 2985 866 3004 ,
883 2961 921 2997 &
932 2956 1206 3010 dispersionem
1224 2970 1353 3007 terrae,
1371 2961 1654 3002 Generationes
1665 2962 1781 3015 quin-

390 3009 520 3049 decim
534 3039 545 3057 ,
556 3012 736 3052 anniduo
749 3012 866 3052 millia
879 3013 1094 3066 offingenti
1105 3013 1349 3068 septuaginta
1359 3016 1466 3056 osto.

422 3120 635 3162 TERRAE
663 3121 982 3163 nivisioan
1010 3123 1153 3164 TRES
1179 3125 1360 3168 Firios
1391 3128 1515 3169 Nor:
1542 3128 1687 3171 POST

659 3176 911 3218 DiLUvio
940 3178 1191 3221 FACTUM
1221 3181 1334 3223 EST.
1365 3182 1472 3224 sio:
1742 3174 1747 3180 '

335 3287 421 3329 Sem
432 3290 469 3329 &
481 3288 609 3328 Cham
624 3292 662 3328 &
676 3288 820 3343 Japhet
830 3291 942 3331 trium
954 3289 1126 3339 fratrum,
1138 3290 1353 3335 secundum
1364 3294 1534 3337 *tribum
1548 3299 1680 3352 partiti
1690 3297 1774 3340 sunt
1788 3316 1805 3336 *

389 3344 501 3395 super
511 3354 660 3383 terram.

334 3412 351 3424 ¹¹²
363 3399 412 3440 Et
422 3398 510 3438 Sem
521 3399 784 3453 primogenito
796 3399 817 3439 ἐι
830 3399 985 3442 Perside
995 3405 1034 3442 &
1045 3403 1230 3444 Bastriam
1240 3405 1363 3459 usque
1374 3406 1413 3447 in
1423 3406 1534 3462 India
1547 3409 1771 3464 longitudo.

391 3452 580 3496 Latitudo
591 3465 720 3497 autem
731 3456 777 3497 ab
789 3455 903 3498 India
915 3456 1037 3512 usque
1046 3459 1348 3502 Rinocoruram·

1640 3519 1768 3563 Cham

1827 3321 1894 3355 ἐς-πὶ
1910 3322 1992 3357 vibret
2002 3335 2051 3353 mm
2064 3326 2134 3360 vim*

1833 3363 1923 3399 φυλέν.
