2366 4040
352 295 428 320 ως)
670 275 1944 319 CANoNlesAGOG1coRVM

937 362 1650 420 INCAPVTQJARTVM.

351 465 421 503 ΚΛ
434 474 454 499 1„
468 471 487 496 r
502 471 529 495 N
545 471 570 495 o
581 468 607 494 A
618 470 644 494 R
658 469 703 493 1v
716 467 750 492 M
786 467 812 492 A
824 466 851 492 N
866 466 892 492 N
907 467 919 490 1
955 466 977 491 c
993 463 1044 490 ΑΕ
1059 465 1081 490 1.
1093 465 1114 490 E
1129 464 1145 491 s
1160 466 1184 491 T
1202 465 1215 490 1
1232 453 1292 509 s.]
1321 453 1593 499 Annicaelestis,
1604 458 1707 494 cuius
1718 456 1949 509 usummagis
1961 463 2094 511 optare
2105 456 2226 512 possu-

405 529 502 557 mus,
514 525 627 565 quam
641 509 794 564 sperare,
810 507 954 548 menses
962 508 1010 548 ad
1018 509 1198 547 naturalia
1212 507 1375 549 Zodaici
1386 508 1577 565 segmenta
1585 510 1758 566 descripti
1768 511 1868 551 sunt:
1886 524 2051 565 quorum
2063 515 2229 566 quinque

405 583 475 604 xxxi
497 568 643 606 dierum
655 564 754 609 lunt3
777 577 939 619 quatuor
957 570 1033 605 ῖκῖε,
1055 564 1132 603 duo
1140 564 1413 619 undetriginta,
1439 579 1535 605 unus
1549 566 1668 606 duum
1683 571 1897 622 &triginta.
1923 572 1986 620 qui
2003 571 2174 620 quamuis
2186 582 2229 609 ex

405 624 632 663 astronomia
640 625 691 660 ita
704 620 850 660 definiri
862 618 1031 674 poffunt,
1051 632 1180 659 tamen
1191 624 1304 659 etiam
1313 635 1446 660 eorum
1458 622 1660 677 descriptio
1667 623 1849 663 eiusmodi
1860 625 2078 662 auctoritate
2089 626 2230 662 nititur.

404 681 510 718 Nam
520 677 683 716 totidem
696 676 843 715 dierum
855 675 1087 714 definiuntur
1097 675 1473 718 aMahummedanis,
1484 678 1693 718 cuiufinodi
1702 679 1984 734 conspiciuntur
1993 683 2031 717 in
2041 677 2233 733 elegantis-

406 735 498 773 fimo
514 732 739 772 Kalendario
752 732 938 776 Turcico,
953 731 1059 785 quod
1069 744 1186 785 penes
1202 731 1273 770 nos
1287 732 1340 770 est
1352 761 1361 770 .
1402 732 1446 770 In
1460 747 1506 772 eo
1514 735 1657 774 menses
1678 736 1807 773 Iuliani
1818 735 1902 774 sunt
1915 735 2230 790 appellationibus

407 789 633 831 Chaldaicis,
648 793 741 827 item
751 787 893 828 menses
908 787 1064 826 caelestes
1079 801 1168 825 cum
1181 787 1338 841 epochis
1350 786 1497 826 dierum
1510 789 1756 834 Iulianorum,
1777 795 1884 830 initio
1897 792 2032 830 Arietis
2042 805 2063 829 a
2072 792 2231 830 Neuruz

406 847 597 885 Sultanico
612 843 772 898 sumpto.
804 844 927 883 Huius
940 848 1067 896 itaque
1080 855 1159 881 tam
1167 843 1371 899 praestantis
1382 842 1514 883 formae
1533 849 1622 883 anni
1638 847 1856 900 exemplum
1869 846 2091 885 exhibemus
2104 863 2111 885 ε
2127 850 2231 895 cuius
2267 891 2269 893 ,

404 900 547 942 menses
559 899 650 939 senis
661 900 822 940 versibus
833 899 1018 939 constant.
1035 899 1180 938 Primus
1192 903 1367 938 continet
1377 900 1516 938 lineam
1527 900 1674 940 dierum
1685 902 1819 940 mensis
1832 919 1839 939 :
1855 902 2039 941 secundus
2049 903 2233 956 regulares

403 960 430 998 ’ἓ
441 955 613 1011 ἐτὶἰοιζώνε.
634 960 763 995 tertius
776 958 937 1010 epatkas:
961 967 1113 1009 quartus
1127 955 1275 1009 cyclum
1286 956 1403 994 Lunae
1415 955 1628 995 Iudaicum:
1650 961 1801 1010 quintus
1813 962 1971 996 nomina
1980 957 2166 997 menfium
2174 958 2233 996 Iu-

404 1013 610 1053 daicorum:
625 1012 744 1051 sextus
756 1011 834 1051 dies
847 1012 1019 1050 Iulianos:
1032 1011 1195 1065 Cyclum
1206 1011 1362 1065 quidem
1375 1010 1569 1051 Iudaicum
1577 1025 1735 1067 propter
1741 1012 1885 1052 menses
1894 1013 2078 1057 Iudaicos,
2089 1012 2233 1053 menses

404 1082 533 1108 autem
545 1068 715 1108 Iudaicos
723 1080 881 1123 propter
892 1066 1079 1120 ίπόλείψν
1090 1067 1260 1111 Lunae‚&
1273 1066 1528 1110 οἰνπκωπίπιστν
1540 1068 1827 1123 mensium:quae
1838 1068 1994 1122 quidem
2007 1068 2083 1108 fine
2093 1069 2159 1108 illis
2169 1069 2236 1109 de-

404 1125 602 1164 monstrari
612 1138 693 1164 non
703 1122 866 1179 possunt.
896 1124 992 1162 Sane
1002 1122 1310 1162 iucundissimum
1323 1124 1376 1163 est
1391 1128 1506 1164 totius
1519 1128 1572 1164 rei
1584 1124 1693 1164 huius
1703 1137 1971 1179 argumentum
1981 1154 1991 1168 ‚
2004 1123 2084 1164 usus
2095 1124 2234 1180 perspi-

405 1196 509 1226 cuus,
522 1180 659 1230 fruetus
672 1180 844 1235 parabilis
853 1209 862 1223 ,
873 1180 1050 1233 voluptas
1062 1178 1289 1218 inexhausta.
1319 1183 1474 1220 Initium
1488 1180 1535 1219 ab
1548 1184 1658 1220 initio
1671 1195 1797 1220 rerum
1808 1181 2043 1224 instituimus,
2056 1194 2157 1221 anno
2168 1195 2236 1236 pe-

403 1237 500 1277 riodi
512 1237 660 1275 Iulianae
679 1244 782 1287 764,
801 1250 868 1290 per
880 1235 1090 1274 do&rinam
1100 1234 1326 1289 Epochaeffi
1338 1237 1528 1290 inCapite
1539 1240 1666 1290 primo
1677 1237 1760 1275 libri
1773 1235 2009 1281 secundi,die
2027 1243 2096 1273 κῖνῖ
2112 1237 2234 1277 Osto-

404 1294 489 1333 bris.
508 1294 625 1332 Anno
633 1290 810 1346 sequente
819 1290 889 1330 fuit
901 1289 1097 1335 bisextum,
1109 1290 1215 1345 cyclo
1223 1290 1305 1330 solis
1319 1296 1361 1330 ἃ,
1395 1292 1463 1330 Ob
1471 1291 1571 1331 hanc
1581 1291 1727 1332 causam
1738 1293 1869 1333 ultima
1877 1292 2159 1332 Pharthenonis
2171 1293 2236 1332 de-

405 1349 533 1388 finitin
551 1353 657 1392 :fx—iffi,
676 1351 805 1387 nonin
823 1352 883 1383 iffi!
903 1347 1095 1391 Octobris,
1108 1360 1156 1385 ne
1167 1350 1248 1400 quis
1262 1345 1361 1387 forte
1375 1361 1541 1387 errorem
1554 1360 1674 1402 putet.
1700 1343 1889 1401 ι’πόλᾷψς
1902 1349 2030 1393 Lunae,
2039 1353 2132 1387 item
2146 1351 2236 1388 οἰνπ-

403 1405 589 1447 κοιπέςειστς
604 1403 738 1442 menfis
750 1418 831 1443 non
840 1402 993 1457 poffunt
1001 1400 1202 1441 internosci
1212 1401 1289 1441 fine
1302 1407 1537 1442 commercio
1551 1403 1740 1456 utriusque
1752 1408 1842 1442 anni
1853 1405 2028 1443 naturalis
2042 1431 2053 1448 ,
2075 1404 2235 1459 Tropici

406 1462 617 1507 &Lunaris
648 1459 750 1502 Ideo,
763 1463 890 1498 utiam
903 1457 1083 1501 diximus,
1102 1456 1288 1495 menfium
1298 1456 1540 1497 Iudaicorum
1558 1459 1871 1513 appellationibus
1882 1459 1935 1497 ufi
1949 1459 2072 1498 sumus
2083 1488 2092 1502 ‚
2112 1460 2236 1500 uthac

405 1517 640 1557 distinetione
651 1516 903 1570 perspicuitati
911 1512 1199 1553 consuleremus.
1235 1514 1322 1552 Scio
1332 1513 1517 1566 quosdam
1531 1514 1712 1556 morosos,
1724 1518 1789 1568 qui
1798 1514 1984 1554 Theorias
1995 1516 2236 1570 planetarum

405 1573 589 1612 duntaxat
608 1573 794 1625 legerunt,
820 1576 856 1608 δε
872 1581 1044 1609 veterum
1061 1568 1194 1622 scripta
1204 1581 1286 1606 non
1304 1567 1589 1610 consuluerunt,
1606 1570 1772 1618 obijcere
1784 1569 1889 1625 poffe
1905 1570 2050 1611 menses
2075 1571 2234 1612 caelestes

404 1641 484 1668 non
493 1632 543 1665 ita
550 1626 695 1680 semper
707 1623 825 1664 fuisse.
858 1625 942 1665 Nos
956 1638 1019 1663 eos
1028 1627 1253 1663 remittimus
1263 1623 1310 1662 ad
1322 1637 1365 1662 ea
1377 1622 1511 1678 scripta
1520 1653 1530 1667 ,
1559 1639 1641 1679 quae
1650 1653 1661 1669 ‚
1677 1637 1718 1664 ut
1727 1625 1822 1669 dixi,
1841 1639 2039 1680 nunquam
2050 1628 2232 1682 legerunt.

405 1684 542 1722 Melius
555 1682 680 1720 istaeab
691 1682 767 1730 alijs
782 1680 984 1720 didicerint
994 1706 1006 1724 ,
1021 1693 1136 1733 quam
1153 1678 1220 1733 ipfi
1233 1693 1297 1718 eos
1312 1678 1452 1718 docere
1463 1679 1606 1734 poffint
1616 1711 1625 1719 .
1654 1681 1787 1736 Itaque
1798 1694 1868 1736 per
1882 1695 1944 1721 me
1953 1681 2038 1722 sane
2055 1687 2234 1738 ignorent

403 1741 503 1782 licet,
513 1751 596 1791 quae
609 1737 698 1776 scire
705 1737 852 1776 nolunt.

347 1795 418 1834 TA
430 1807 451 1833 Β
463 1809 485 1834 v
497 1806 518 1832 L
531 1807 557 1831 A
595 1807 614 1831 1²
628 1807 655 1831 R
668 1807 680 1831 1
692 1806 724 1831 M
737 1806 775 1831 A.
810 1805 831 1830 c
848 1805 873 1829 Y
891 1804 912 1830 c
931 1805 953 1830 L
965 1805 990 1831 v
1005 1804 1020 1830 s
1061 1804 1077 1830 s
1093 1805 1118 1830 o
1135 1803 1157 1829 1„
1169 1800 1196 1828 A
1209 1805 1236 1831 R
1248 1804 1262 1829 1
1279 1790 1336 1845 s.]
1377 1790 1519 1844 Cyclus
1533 1791 1848 1847 Solisestsystema
1867 1806 2058 1833 annorum
2076 1794 2233 1849 aliquot,

402 1866 480 1905 quo
491 1862 661 1890 vertente
678 1851 713 1897 αἱ
722 1846 917 1903 &stragem
931 1848 1045 1904 ἤμέξοᾳ
1058 1874 1068 1890 ‚
1081 1846 1120 1886 id
1128 1846 1180 1887 est
1192 1847 1270 1886 dies
1282 1845 1569 1889 Hebdomadis‚
1581 1848 1742 1888 redeunt
1755 1853 1795 1888 in
1807 1849 1942 1889 orbem
1951 1879 1959 1888 .
1991 1849 2065 1889 Sed
2080 1862 2141 1890 tot
2153 1851 2238 1890 sunt

402 1908 577 1947 feriarum
585 1905 952 1944 hebdomadicarum
964 1904 1081 1958 cycli,
1103 1915 1199 1958 quot
1208 1903 1376 1943 ciuilium
1392 1916 1584 1943 annorum
1599 1903 1746 1945 formae.
1782 1906 1826 1944 In
1834 1905 1965 1953 diebus
1980 1907 2237 1961 Aegyptiacis,

401 1965 655 2005 Armeniacis,
683 1960 835 2000 Perficis
855 1959 908 2000 est
925 1973 1117 2000 annorum
1136 1957 1280 2015 septem
1295 1960 1619 2014 Aegyptiacorum
1631 1990 1640 2005 ,
1671 1965 1711 2001 in
1730 1960 1862 2001 diebus
1880 1961 2028 2001 Iulianis
2045 1975 2236 2003 annorum

402 2032 534 2075 quater
552 2017 696 2073 septem
710 2018 960 2061 Iuhanomm,
982 2020 1023 2055 in
1038 2029 1131 2071 typo
1144 2020 1233 2056 anni
1245 2016 1371 2057 Rabbi
1388 2015 1499 2056 Adda
1512 2031 1703 2057 annorum
1719 2017 2062 2074 Hipparcheorum
2079 2019 2235 2057 cco-'‘ffi.

402 2077 447 2115 In
458 2089 561 2115 anno
569 2075 743 2129 Tropico
755 2074 857 2113 nulla
868 2076 964 2113 ratio
978 2072 1157 2113 haetenus
1169 2084 1272 2113 certa
1284 2073 1379 2127 cycli
1387 2072 1522 2112 Solaris
1530 2077 1615 2113 iniri
1622 2078 1752 2129 potuit
1758 2087 1919 2130 propter
1927 2073 2084 2114 diuersas
2093 2073 2141 2114 de
2150 2088 2236 2115 mo-

403 2133 456 2172 do
467 2136 557 2172 anni
565 2130 724 2185 Tropici
733 2130 1101 2170 Mathematicorum
1110 2142 1294 2174 veterum,
1304 2135 1342 2168 &
1350 2133 1607 2170 recentiorum
1618 2129 1830 2171 sententias.
1856 2130 1986 2185 Qod
1996 2129 2022 2169 fi
2029 2145 2075 2170 ex
2082 2130 2234 2171 illorum

403 2188 516 2227 iudici
514 2191 547 2236 js
558 2188 680 2240 aliqua
689 2186 867 2241 periodus
875 2189 1080 2241 excogitari
1087 2191 1225 2241 potuit,
1236 2200 1279 2227 ea
1286 2184 1449 2226 fortuito
1458 2190 1586 2241 potius
1595 2191 1776 2231 occurrit,
1785 2200 1902 2241 quam
1909 2190 2057 2226 ratione
2064 2214 2076 2232 ,
2094 2198 2160 2226 aut
2169 2186 2233 2227 de-

402 2244 676 2282 monstratione
688 2243 907 2296 inuestigata
918 2242 980 2281 est.
1016 2241 1174 2282 Aloifius
1189 2243 1317 2287 Lilius,
1327 2246 1391 2287 vir,
1404 2254 1594 2297 quantum
1601 2243 1767 2283 iudicare
1777 2241 1985 2298 poffumus,
1999 2242 2182 2286 eruditus,
2195 2248 2234 2281 δε

403 2299 532 2338 acutus
546 2296 686 2337 viditin
704 2302 788 2332 cTc‘c
809 2301 914 2334 annis
922 2326 931 2338 ‚
954 2297 980 2334 fi
989 2301 1058 2336 tria
1066 2297 1204 2337 bisexta
1213 2303 1449 2352 perimantur
1457 2298 1505 2338 de
1513 2311 1668 2338 centum
1677 2328 1687 2342 ,
1709 2298 2113 2352 heptazonirationem
2124 2300 2164 2335 in
2172 2311 2233 2336 or-

403 2356 493 2394 bem
501 2353 638 2393 redire:
656 2351 772 2405 idque
782 2365 971 2390 annorum
989 2350 1141 2404 systema
1154 2352 1310 2406 Propius
1322 2352 1369 2390 ab
1389 2352 1590 2391 Alfonfino
1600 2353 1721 2391 modo
1733 2351 1855 2391 abesse
1864 2380 1874 2395 ‚
1894 2356 1960 2405 qui
1972 2355 2012 2390 in
2029 2354 2234 2395 c'c‘c-&ffflut

400 2415 521 2444 eeffxi
534 2407 818 2464 propemodum
831 2410 937 2445 annis
950 2433 959 2447 2
982 2406 1145 2445 totidem
1158 2407 1296 2445 bisexta
1303 2407 1401 2445 tollit
1413 2435 1422 2444 .
1454 2405 1528 2444 Sed
1541 2406 1648 2460 quod
1660 2407 1733 2446 hac
1745 2406 1906 2461 periodo
1920 2405 2233 2447 tetracofieterica

402 2478 513 2521 putat
523 2466 556 2504 se
569 2469 666 2503 intra
676 2463 838 2503 modum
847 2461 1088 2512 Alfonfirmm
1100 2465 1189 2501 anni
1209 2461 1302 2501 fines
1315 2459 1606 2501 circunscribere
1615 2488 1625 2502 ‚
1641 2462 1727 2515 post
1738 2463 1883 2515 aliquot
1896 2462 2074 2516 periodos
2083 2491 2093 2506 ‚
2112 2476 2234 2503 exne-

403 2523 521 2576 glecta
538 2524 575 2565 ῖς,
597 2532 661 2558 aut
673 2527 708 2555 ῑεῖ
725 2532 915 2557 annorum
937 2516 1106 2571 scrupula
1118 2530 1199 2555 non
1215 2530 1377 2570 paruum
1392 2515 1591 2555 discrimen
1602 2519 1703 2556 inter
1720 2517 1883 2557 modum
1904 2516 2146 2558 Alfonfinum
2159 2546 2172 2563 ,
2195 2525 2234 2558 &

403 2579 505 2616 hanc
518 2571 667 2616 ciuilem
679 2574 882 2629 periodum
903 2576 1054 2612 orietur.
1078 2584 1120 2611 ut
1131 2585 1176 2610 ex
1186 2585 1233 2611 eo
1246 2583 1426 2626 appareat
1443 2585 1524 2611 non
1536 2571 1726 2612 methodo
1738 2600 1748 2616 ,
1772 2572 1834 2612 sed
1854 2577 1895 2612 in
1905 2573 2069 2613 tenebris
2077 2576 2233 2615 micanti

393 2630 484 2673 ‘viro
495 2630 690 2687 ingenioso
709 2631 809 2669 hane
820 2628 1022 2684 periodum
1043 2628 1211 2667 oblatam
1223 2626 1344 2667 fuiffe.
1379 2628 1464 2667 Nos
1478 2640 1568 2667 vero
1589 2627 1931 2668 demonstrabimus
1945 2643 2071 2684 neque
2081 2630 2232 2671 arbitra-

404 2695 519 2733 rium,
535 2703 659 2741 neque
672 2685 871 2727 fortuitum
886 2684 957 2725 effe
966 2684 1071 2724 hunc
1083 2684 1276 2738 cyclorum
1295 2683 1458 2722 modum
1471 2711 1482 2728 ,
1507 2682 1569 2722 sed
1582 2688 1730 2725 ratione
1752 2699 1796 2724 ac
1811 2684 2135 2726 demonstratione
2152 2690 2231 2727 niti.

407 2747 510 2784 Prius
525 2745 616 2783 illud
634 2741 890 2792 ’evwffiaees‘oeq
902 2740 1001 2794 λόγῳ
1016 2739 1131 2781 habe:
1149 2741 1268 2794 Cyclus
1287 2741 1374 2779 Solis
1385 2739 1580 2795 estſjstema
1589 2744 1859 2795 quaternarium
1876 2756 2071 2788 annorum,
2083 2746 2231 2799 quicum

392 2802 469 2855 fiztsss
479 2800 599 2839 diebus
610 2797 1123 2854 intercalaribmfi’ptenarium
1134 2811 1321 2835 numerum
1334 2806 1556 2851 componunt.
1570 2795 1799 2835 Addidimus
1813 2796 2028 2837 definitioni
2041 2809 2230 2854 quaterna-

405 2873 500 2898 rtum
509 2887 517 2899 ‚
536 2861 621 2909 quia
630 2859 718 2895 anni
728 2855 886 2909 Tropici
895 2854 1044 2893 ciuilem
1053 2853 1235 2892 circulum
1244 2851 1481 2897 instituimus,
1495 2855 1560 2906 qui
1570 2852 1617 2890 ab
1630 2866 1732 2892 anno
1740 2853 1885 2892 Iuliano
1894 2852 2077 2909 discrepat
2083 2868 2233 2909 perem-

405 2918 539 2969 ptione
551 2906 673 2956 unius,
686 2923 750 2953 aut
761 2912 925 2965 plurium
938 2907 1192 2949 bissextorum.
1212 2906 1352 2947 bisexta
1359 2921 1486 2947 autem
1496 2922 1565 2963 per
1578 2921 1781 2961 quaternos
1796 2923 1918 2952 annos
1927 2909 2143 2951 decurrunt.
2161 2923 2231 2948 un-

405 2970 454 3009 de
469 2969 606 3009 Cvclus
624 2969 695 3012 ille,
716 2981 831 3021 quem
845 2966 1093 3009 adornamus,
1108 2968 1271 3004 omnino
1288 2967 1528 3017 quaternario
1541 2978 1704 3005 numero
1719 2965 1892 3005 constare
1909 2965 2036 3006 debet.
2069 2965 2142 3017 His
2153 2969 2231 3005 ani·

406 3015 859 3079 maducrfis,proponatur
872 3023 1064 3061 Lemnatis
1072 3021 1161 3061 loco
1172 3020 1248 3061 hoc
1257 3019 1470 3060 Problema.

1068 3121 1523 3174 ΡΚΟΒΗΞΜΑ.Ἰ

578 3215 743 3251 Inuenire
752 3226 927 3250 annorum
940 3224 1127 3249 numerum
1138 3212 1329 3248 minimum
1342 3210 1610 3264 quaternarium
1621 3236 1632 3252 ,
1651 3212 1800 3264 quicum
1808 3208 2022 3263 bisbxtisfiaeis
2029 3222 2098 3249 uno
2110 3211 2229 3248 minus

699 3281 792 3323 comp
797 3267 870 3319 ostri
879 3281 1065 3306 numerum
1078 3265 1516 3320 conficiantſs’ptenarium.

355 3323 449 3363 Non
461 3325 511 3362 est
520 3325 624 3363 labor
632 3327 810 3363 inuenire.
845 3324 875 3361 Is
892 3322 944 3361 est
952 3321 1202 3361 duodenarius
1216 3334 1406 3360 numerus.
1423 3334 1512 3359 nam
1525 3324 1562 3357 &
1577 3322 1833 3372 quaternarius
1844 3320 1896 3359 est
1906 3349 1916 3363 ‚
1933 3326 1971 3359 &
1981 3324 2057 3360 eius
2070 3324 2139 3360 tria
2147 3318 2228 3358 sunt

411 3379 731 3433 bisexta,quorum
744 3394 821 3418 uno
833 3377 979 3422 omiffo,
1000 3377 1141 3430 reliqua
1148 3377 1227 3417 duo
1242 3390 1330 3417 cum
1340 3377 1575 3417 duodenario
1590 3388 1779 3415 annorum
1793 3375 2005 3431 compofita
2019 3375 2226 3417 conficiunt

410 3441 495 3475 π,
516 3448 716 3473 numerum
727 3434 987 3489 septenarium.
1020 3433 1229 3472 Minimum
1243 3445 1371 3472 autem
1389 3431 1665 3472 duodenarium
1676 3430 1747 3470 effe
1759 3460 1768 3474 ‚
1793 3444 1915 3486 patet:
1935 3428 2225 3486 quiainfradum

411 3491 535 3530 decim
545 3490 663 3527 nullus
678 3492 727 3529 est
735 3503 911 3528 numerus
925 3493 1194 3542 quaternarius,
1208 3494 1370 3543 quicum
1385 3486 1453 3528 suis
1467 3486 1611 3527 bisextis
1620 3514 1631 3532 ,
1652 3500 1730 3527 uno
1742 3490 1866 3528 minus
1876 3516 1890 3532 ,
1910 3485 2137 3542 compositus
2148 3482 2226 3538 sep-

411 3550 595 3586 tenarium
607 3544 754 3583 efficiat.
786 3544 914 3599 Qod
923 3557 1001 3583 erat
1015 3543 1243 3584 faciendum.

2113 3595 2149 3635 Si
2162 3598 2228 3649 igia
