2366 4040
251 943 280 970 O,
290 947 324 968 ω’
330 948 351 967 Μ
357 946 383 968 1³.

245 990 261 1009 C
267 989 299 1008 CC
307 988 315 1005 1
322 988 346 1004 Χ.

244 1030 268 1046 V.
283 1026 370 1045 Annus

243 1055 382 1087 Mai-timi.

446 256 494 290 26

443 324 693 366 Marcianum
705 332 777 374 pro
791 315 1047 359 unanimitate
1059 314 1264 353 mittuntur
1278 310 1348 352 im-

443 381 553 436 perii.
1087 423 1093 430 .
1325 421 1333 429 ·

498 433 720 474 Gaisericus
743 428 970 470 sollicitatus
983 425 1002 463 a
1025 423 1157 462 rehtu
1168 420 1349 462 Valenti-

443 492 562 536 niani,
576 501 618 528 vt
632 488 774 526 malum
785 483 885 523 fama
899 479 1088 531 dispergit
1102 508 1112 524 ‚
1123 476 1349 531 priusquam

442 546 584 585 Avitus
604 539 802 591 Augustus
823 536 956 580 fieret,
981 535 1154 574 Romam
1176 532 1349 585 ingredi·

442 614 506 641 tur
520 629 531 648 ,
551 588 787 650 direptisque
801 590 948 642 opibus
966 587 1240 628 Romanorum
1251 588 1348 628 Car-

442 657 641 703 thaginem
654 650 779 693 redit,
793 646 965 685 reli&am
980 643 1280 689 Valentiniani,
1307 647 1346 683 ὃς

441 703 537 752 ἧΙὶπέ
548 711 642 748 duas
654 733 663 750 ‚
679 708 717 742 ὅ(
740 701 844 741 Ae'ti'i
856 699 978 740 filiurn
991 698 1263 739 Gaudentium
1275 711 1348 736 no-

440 761 704 808 mi‘ne,sec‘um
718 758 879 797 ducens.

495 818 613 858 Suevi
650 808 976 864 Carthaginenses
1001 809 1209 862 regiones,
1253 821 1347 861 quas

438 872 630 914 Romanis
643 868 896 910 reddiderant
906 897 916 912 ,
929 866 1219 919 depraedantur.
1252 868 1261 870 ‘

495 928 718 969 Marcianus
729 953 740 972 ,
763 928 800 964 &
813 925 951 962 Avitus
963 921 1188 967 concordes
1201 919 1346 973 princi-

435 996 530 1041 patu
543 982 718 1023 Romani
731 990 895 1020 utuntur
905 976 1074 1030 imperii.

489 1041 564 1081 Per
587 1036 804 1090 Augustum
826 1035 988 1073 Avitum
1009 1031 1163 1072 Fronto
1195 1031 1344 1071 Comes

433 1099 581 1147 legatus
593 1094 761 1133 mittitur
771 1091 819 1130 ad
831 1089 992 1129 Suevos.
1004 1087 1190 1127 Similiter
1203 1090 1240 1127 Sc
1256 1087 1277 1125 a
1289 1099 1343 1125 re-

434 1143 483 1208 ge
497 1149 723 1193 Gothorum
732 1144 1022 1195 Theudorico3
1037 1144 1131 1198 quia
1143 1141 1244 1182 fidus
1255 1141 1342 1181 Ro-

437 1222 554 1250 mano
565 1205 655 1247 esset
668 1203 856 1257 imperio,
878 1201 996 1254 legati
1008 1202 1058 1239 ad
1070 1198 1232 1238 eosdem
1254 1198 1341 1237 mit-

436 1275 575 1306 tuntur
586 1291 598 1310 ,
614 1270 656 1301 ut
666 1271 745 1301 tam
758 1257 889 1299 secum
899 1287 909 1304 ,
922 1256 1042 1308 quarn
1053 1268 1145 1294 cum
1157 1253 1340 1294 Romano

438 1320 624 1374 imperio,
644 1317 737 1371 quia
753 1328 835 1355 uno
852 1312 970 1353 effent
984 1312 1091 1364 pacis
1103 1308 1256 1348 foedere
1275 1322 1341 1348 co—

438 1377 584 1432 pulati,
610 1373 725 1425 jurati
744 1369 905 1410 foederis
927 1365 1110 1421 promissa
1132 1365 1338 1404 servarent-

438 1429 619 1474 Remissis
637 1428 770 1481 legatis
788 1424 985 1477 utriusque
1003 1422 1121 1475 partis
1133 1449 1145 1468 ,
1165 1431 1286 1474 atque
1300 1433 1340 1458 0-

438 1489 520 1527 'mni
537 1488 630 1538 juris
649 1484 802 1524 ratione
823 1480 988 1524 violata,
1012 1477 1131 1517 Suevi
1149 1476 1340 1515 Tarraco·

436 1543 592 1584 nensem
604 1539 961 1594 provinciam,quae
975 1533 1161 1573 Romano
1172 1532 1340 1585 imperio

434 1596 691 1642 deserviebat,
706 1593 913 1635 invadunt.

493 1655 555 1694 De
576 1652 782 1692 Erulorum
804 1660 923 1704 gente
944 1647 1089 1702 septem
1112 1645 1277 1686 navibus
1298 1643 1339 1683 in

432 1708 600 1750 Lucenli
613 1709 727 1748 litore
740 1705 932 1760 aliquanti
944 1702 1098 1744 adveffi
1110 1730 1120 1749 ‚
1132 1703 1205 1741 viri
1220 1700 1339 1741 ferme

435 1779 568 1806 cccc.
591 1763 793 1816 expediri,
811 1763 1045 1813 superventu
1067 1755 1336 1796 multitudinis

432 1831 681 1875 congregaret
700 1819 856 1857 duobus
868 1816 1017 1855 tantum
1029 1826 1077 1851 ex
1090 1812 1160 1851 suo
1172 1822 1338 1850 numero

432 1877 657 1930 effugantur
670 1872 818 1913 occisis.
835 1872 904 1925 qui
915 1871 963 1910 ad
975 1868 1083 1908 sedes
1094 1867 1271 1920 proprias
1280 1877 1338 1905 re-

431 1928 979 1977 deunteS,Cantabriarum‚&
992 1923 1274 1968 Varduliatum
1285 1920 1341 1959 lo-

432 2001 478 2028 ca
489 1986 677 2027 maritima
691 1983 944 2025 crudelissime
956 1979 1170 2033 depraedati
1182 1978 1218 2018 su
1225 1989 1279 2019 nt.

486 2042 628 2095 Legati
658 2040 886 2082 Gothorum
913 2037 1061 2078 rursum
1093 2035 1260 2076 veniunt
1287 2031 1338 2072 ad

429 2097 592 2138 Suevos.
603 2097 692 2150 post
704 2095 1098 2150 quorumadventum
1107 2104 1176 2130 rex
1187 2090 1335 2130 Suevo-

430 2167 515 2194 rum
529 2153 760 2193 Rechiarius
777 2164 868 2190 cum
887 2161 1026 2201 magna
1038 2144 1195 2185 suorum
1209 2144 1336 2184 multi-

430 2210 570 2249 tudine
593 2209 774 2261 regiones
798 2204 1013 2259 provinciae
1031 2198 1335 2243 Tarraconensis

430 2265 604 2311 invadit,
627 2264 710 2303 asta
729 2262 809 2301 illic
829 2258 1127 2313 depraedatione
1146 2256 1334 2310 &grandi

429 2321 479 2360 ad
493 2320 718 2360 Gallaeciam
734 2318 961 2370 captivitate
972 2313 1153 2354 dedusta.

484 2374 587 2415 Mox
605 2373 808 2427 Hispanias
827 2385 891 2411 rex
904 2369 1131 2412 Gothorum
1142 2366 1333 2407 Theudo-

428 2429 530 2471 ricus
543 2443 633 2469 cum
646 2430 800 2482 ingenti
811 2428 982 2467 exercitu
996 2423 1065 2464 suo
1077 2453 1089 2472 ‚
1108 2429 1145 2464 Sc
1163 2437 1252 2462 cum
1265 2436 1333 2462 vo·
1377 2443 1396 2483 3

428 2489 634 2533 luntate‚&
645 2482 1009 2524 ordinationeAviti
1021 2479 1266 2533 Imperatoris
1277 2479 1332 2517 in-

427 2543 618 2596 greditur.
643 2541 826 2580 Cuicum
848 2537 1102 2577 multitudine
1112 2534 1332 2575 Suevorum

428 2594 496 2639 rex
518 2596 747 2636 Rechiarius
775 2606 987 2633 occurrens
1013 2591 1259 2632 duodecimo
1280 2590 1332 2629 de

424 2651 663 2694 Asturicensi
683 2651 758 2691 ube
781 2650 988 2696 milliario,
1008 2649 1059 2687 ad
1081 2647 1245 2688 fluvium
1265 2659 1333 2684 no-

428 2711 534 2750 mine
549 2708 745 2747 Urbicum
765 2735 776 2754 ,
797 2706 914 2745 tertio
929 2717 1050 2744 nonas
1064 2701 1254 2744 Ouobris
1264 2700 1332 2740 die

429 2765 532 2805 sexta
544 2762 641 2803 feria
654 2764 756 2802 inito
777 2774 871 2801 mox
892 2762 1104 2801 certamine
1115 2758 1329 2810 superatur.

429 2819 529 2860 caesis
540 2818 653 2859 suoru
661 2832 696 2857 m
710 2818 929 2871 agminibus
940 2845 951 2864 ,
969 2815 1178 2869 aliquantis
1190 2813 1314 2865 captis
1324 2842 1334 2858 ,

428 2875 685 2930 plurimisque
698 2874 838 2926 fugatis
850 2901 860 2919 ‚
871 2870 949 2925 ipse
962 2872 1011 2911 ad
1022 2882 1213 2911 extremas
1228 2869 1333 2908 sedes

430 2931 627 2971 Gallaeciae
640 2930 818 2982 plagatus
829 2929 896 2967 vix
908 2928 1040 2967 evadit
1052 2955 1063 2974 ‚
1074 2940 1117 2965 ac
1130 2923 1330 2977 profugus.

483 2986 750 3026 Tlieudorico
764 2998 853 3037 rege
875 2996 966 3022 cum
983 2981 1160 3022 exercitu
1182 2981 1231 3019 ad
1244 2979 1333 3017 Bra-

432 3055 557 3090 caram
578 3053 788 3081 extremam
806 3039 1006 3078 civitatem
1032 3036 1228 3076 Gallaeciae
1244 3047 1333 3087 per-

429 3098 639 3144 tendente,
659 3097 803 3149 quinto
816 3093 904 3134 Kal.
930 3092 1134 3133 Novemb.
1158 3092 1223 3130 die
1246 3091 1329 3129 Do·

431 3152 593 3198 ininico>
609 3156 645 3191 St
661 3151 686 3191 fi
704 3152 907 3191 incruenta
921 3148 984 3196 ‚fit
994 3160 1124 3188 tamen
1138 3145 1221 3191 satis
1234 3159 1329 3185 moe·

431 3207 483 3245 sta
497 3237 507 3252 ‚
529 3211 565 3246 δε
579 3206 835 3261 lacrymabilis
846 3205 1020 3256 ejusdem
1039 3205 1216 3255 direptio
1236 3203 1332 3242 civi-

429 3264 529 3300 tatis.
551 3261 821 3301 Romanorum
834 3274 973 3314 magna
984 3261 1110 3312 agitur
1123 3260 1328 3312 captivitas

429 3318 694 3368 captivorum,
713 3316 940 3357 Sanctorum
965 3314 1126 3355 basilicae
1145 3313 1329 3360 effractos,

430 3373 565 3411 altaria
595 3370 739 3410 sublata
762 3384 881 3424 atque
903 3370 1128 3418 confrac‘la,
1160 3370 1328 3423 virgines

432 3427 509 3465 Dei
531 3426 620 3465 exin
635 3426 796 3477 quidem
808 3427 982 3467 abduetae
994 3455 1006 3474 ,
1026 3426 1092 3466 sed
1105 3428 1329 3479 integritate

428 3482 589 3529 sei-vata,
600 3481 726 3520 clerus
739 3479 859 3532 usque
871 3482 920 3520 ad
933 3483 1156 3522 nuditatem
1168 3482 1331 3535 pudoris

428 3549 587 3584 exutus,
609 3535 821 3589 promiscui
846 3534 955 3576 sexus
969 3551 1057 3577 cum
1070 3537 1262 3595 parvulis,
1280 3537 1331 3577 de

942 199 1800 293 IDATIIVEPISC’OPI'

1391 315 1492 357 locis
1510 313 1653 368 refugii
1665 316 1799 358 sanffis
1811 343 1822 363 ‚
1843 317 2018 369 populus
2027 318 2300 366 omnisab'strai
2318 312 2326 318 ’

1392 371 1476 412 &us
1487 401 1499 420 ‚
1511 373 1782 423 jumentorum
1795 402 1805 419 ‚
1816 384 2010 424 pecorum
2022 401 2034 420 ,
2047 376 2300 420 camelorum-

1391 441 1471 481 que
1494 429 1656 467 horrore
1676 427 1788 473 locus
1809 428 1915 468 lacer
1932 428 2137 483 impletus,
2161 430 2307 486 scripta'

1391 483 1504 537 super
1530 483 1780 524 Hierusalem
1796 497 1844 523 ex
1860 496 1970 537 parte
1992 483 2152 526 caelestis
2168 487 2298 530 iraere-

1390 540 1551 579 vocavit
1565 539 1754 593 exempla.

1395 605 1414 632 2
1446 593 1677 635 Recliiarius
1688 597 1738 635 ad
1752 595 1886 635 locum
1900 624 1911 642 ,
1931 597 2000 650 qui
2013 595 2300 653 Portucaleap-

1389 650 1559 701 pellatur
1570 679 1581 698 ‚
1604 649 1795 704 profugus
1807 654 1891 705 regi
1902 652 2166 692 Theudorico
2179 657 2299 707 capti-

1391 716 1463 743 vus
1473 705 1694 746 adducitur.
1727 721 1810 760 quo
1831 707 1870 746 in
1887 707 2108 747 custodiam
2127 708 2300 758 sedatio,

1392 759 1558 806 caeteris,
1577 762 1647 813 qui
1663 762 1714 800 de
1733 763 1862 814 priore
1881 764 2090 803 certamine
2102 761 2301 817 superfue-
2331 794 2336 796 -

1389 824 1488 860 rant,
1499 815 1741 854 tradentibus
1753 817 1788 855 se
1803 816 1938 857 Suevis
1952 846 1962 861 ‚
1982 819 2192 871 aliquantis
2203 819 2303 860 nihi-

1389 868 1781 910 lominusinterfeuis
1792 899 1803 917 ,
1824 885 1984 924 regnum
1999 874 2248 922 destrusslum,
2263 879 2301 916 δὲ

1390 923 1544 964 finitum
1557 925 1613 965 est
1624 924 1855 966 Suevorum.

1442 980 1609 1020 Hisdem
1622 980 1762 1021 diebus
1782 981 2026 1022 Rechimeris
2038 979 2211 1026 Comitis
2225 988 2302 1027 cir—

1385 1035 1664 1077 cumventione
1685 1050 1823 1090 magna
1836 1037 2054 1077 multitudo
2071 1039 2295 1081 Wandalo-

1385 1105 1575 1146 rum‚quae
1587 1091 1624 1132 se
1637 1093 1688 1132 de
1702 1093 1944 1146 Carthagine
1956 1106 2047 1133 cum
2058 1107 2119 1133 Lx.
2137 1096 2299 1137 navibus

1385 1148 1435 1187 ad
1455 1148 1604 1189 Gallias
1624 1178 1634 1195 ‚
1665 1148 1729 1188 vel
1746 1150 1795 1188 ad
1817 1149 1966 1189 Italiam
1989 1161 2190 1198 moverat,
2218 1153 2300 1204 regi
2350 1194 2353 1198 s

1383 1201 1650 1243 Tlieudorico
1670 1205 1878 1244 nunciatur
1891 1204 2019 1244 occisa
2030 1217 2100 1257 per
2119 1207 2295 1248 Avitum.

1440 1258 1665 1312 Hesychius
1684 1259 1889 1300 Tribunus
1908 1261 2057 1314 legatus
2081 1262 2132 1301 ad
2163 1261 2303 1303 Theo·

1383 1313 1565 1354 doricum
1597 1328 1687 1355 cum
1711 1314 1821 1355 sacris
1851 1315 2076 1356 muneribus
2098 1316 2227 1359 miffus
2249 1318 2300 1359 ad

1381 1368 1610 1410 Gallaeciam
1622 1372 1937 1419 venit,nuncians
1951 1372 2037 1411 eiid
2050 1372 2161 1425 quod
2174 1372 2302 1427 supra,

1382 1425 1423 1465 in
1438 1424 1596 1465 Corsica
1610 1427 1742 1466 caesam
1766 1427 2062 1467 multitudinem
2080 1427 2298 1469 Wandalo-

1384 1494 1468 1520 rum
1478 1510 1490 1529 ,
1503 1485 1541 1521 ὃς
1562 1481 1729 1523 Avitum
1741 1483 1791 1523 de
1800 1482 1912 1522 Italia
1921 1482 1971 1522 ad
1985 1482 2132 1522 Gallias
2144 1484 2300 1525 Arelate

1382 1536 1603 1579 successlffe.
1617 1538 1882 1579 Orientalium
1896 1551 2013 1577 naves
2025 1538 2219 1591 Hispalim
2232 1554 2315 1581 ve„

1383 1593 1537 1656 trientes
1557 1608 1627 1648 pei·
1640 1594 1835 1634 Marciani
1846 1597 2060 1634 exercitum
2072 1594 2183 1636 caesas
2202 1610 2299 1636 nun-

1382 1661 1471 1691 ciat.

1436 1704 1584 1746 Occiso
1598 1705 1814 1748 Rechiario
1828 1704 1955 1747 mense
1971 1705 2183 1746 Decembri
2196 1734 2208 1753 ,
2227 1720 2297 1747 rex

1379 1760 1657 1803 Theudoricus
1687 1763 1741 1802 de
1766 1761 1951 1802 Gallaecia
1982 1762 2032 1801 ad
2061 1760 2298 1803 Lusitaniam

1378 1815 1569 1857 succedit.

1434 1871 1479 1911 In
1501 1881 1720 1912 conventus
1741 1882 1851 1926 parte
1875 1870 2108 1912 Bracarensis
2137 1871 2295 1913 latroci·
2321 1883 2327 1886 ’

1382 1938 1546 1975 nantum
1560 1927 1804 1981 depraedatio
1817 1934 2074 1981 perpetratur.

1435 1982 1594 2035 Ajulfus
1616 1983 1794 2025 deserens
1805 1983 1966 2025 Gothos
1987 1983 2027 2023 in
2041 1982 2225 2024 Gallaecia
2238 1998 2296 2025 re-

1379 2038 1491 2081 fidet.

1437 2095 1576 2143 Saevi,
1591 2097 1661 2149 qui
1674 2094 1931 2136 remanserant
1946 2096 1985 2135 in
1999 2105 2169 2135 extrema
2182 2104 2294 2148 parte

1378 2150 1585 2197 Gallaeciae,
1597 2151 1770 2192 Maffiliae
1780 2150 1906 2190 filium
1919 2151 2080 2190 nomine
2093 2150 2293 2192 Maldram

1375 2205 1443 2245 fibi
1456 2214 1587 2259 regem
1603 2206 1858 2247 constituunt.

1427 2261 1709 2303 Theudoricus
1734 2261 1939 2301 Emeritam
1970 2259 2185 2314 depraedari
2218 2275 2293 2301 vo-

1374 2317 1458 2357 lens
1478 2318 1596 2358 beatae
1613 2318 1772 2358 Eulaliae
1788 2318 1962 2369 martyris
1982 2329 2147 2358 terretur
2166 2317 2293 2358 osten-

1375 2385 1434 2414 tis.
2277 2392 2280 2394 ’

1431 2429 1571 2470 Avitus
1589 2429 1710 2469 tertio
1723 2442 1825 2468 anno
1837 2426 2092 2480 posteaquam
2107 2428 2127 2466 a
2142 2422 2265 2468 Gallis
2277 2456 2290 2475 ‚

1377 2489 1416 2524 δε
1436 2485 1457 2524 ὲ
1475 2485 1639 2525 Gotthis
1658 2484 1780 2524 failus
1799 2481 1924 2523 fuerat
1944 2483 2160 2535 Imperator
2180 2495 2290 2524 caret

1374 2541 1554 2593 imperio,
1565 2541 1797 2580 Gothorum
1809 2538 1994 2593 promisso
2008 2538 2217 2579 destitutus
2225 2553 2290 2578 au-

1375 2596 1488 2644 xilio,
1501 2608 1605 2636 caret
1619 2600 1657 2635 &
1671 2597 1762 2635 vita.

1430 2653 1473 2692 In
1487 2653 1661 2693 Orientis
1679 2648 2028 2705 partibusseptimo
2047 2650 2288 2704 annoimpe-
2308 2686 2313 2688 ,

1375 2708 1422 2747 rii
1435 2708 1490 2748 sui
1503 2709 1670 2748 moritur
1685 2707 1935 2747 Marcianus.-

1428 2763 1468 2804 R
1481 2777 1507 2804 o
1522 2780 1553 2804 M
1569 2781 1593 2802 A
1605 2778 1631 2802 N
1645 2776 1672 2803 o
1686 2777 1709 2802 R
1725 2777 1751 2802 U
1768 2776 1800 2800 M
1839 2774 1950 2801 xtiv.
1991 2759 2234 2811 Maiorianus
2246 2761 2287 2800 in

1374 2818 1505 2866 Italia,
1529 2817 1930 2870 &Constantinopoli
1944 2815 2027 2854 Leo
2038 2816 2203 2869 Augusti
2219 2829 2287 2868 ap-

1375 2875 1580 2927 pellantur.

1380 2945 1394 2968 1
1431 2929 1714 2969 Theudoricus
1733 2926 1897 2968 adversis
1916 2926 1984 2966 sibi
2010 2928 2163 2967 nunciis
2180 2925 2288 2966 terri-

1375 2994 1458 3031 tus,
1473 2999 1565 3024 mox
1578 2984 1665 3037 post
1679 2983 1758 3023 dies
1770 2984 1940 3030 Paschae,
1959 2984 2072 3036 quod
2086 2981 2160 3022 suit
2172 2982 2289 3035 quin-

1376 3051 1419 3080 to
1432 3039 1519 3080 Kal.
1563 3040 1708 3093 Aprilis
1721 3067 1732 3086 ,
1750 3040 1801 3079 de
1817 3041 1982 3079 Emerita
2005 3039 2230 3091 egreditur,
2248 3039 2287 3075 ἃς

1372 3095 1519 3136 Gallias
1532 3108 1729 3149 repetens,
1749 3108 1899 3148 partem
1911 3108 2012 3134 exea
2032 3107 2151 3147 quam
2170 3091 2286 3131 liabe-

1373 3151 1437 3190 bat
1456 3152 1713 3192 multitudine
1733 3153 1845 3189 variae
1859 3150 2048 3194 nationis,
2067 3161 2157 3188 cum
2171 3147 2285 3187 duci-

1374 3206 1443 3246 bus
1454 3207 1527 3248 suis
1536 3208 1586 3246 ad
1599 3219 1760 3258 campos
1770 3206 1963 3245 Gallaeci‘ae
1973 3205 2115 3255 dirigit.
2130 3204 2284 3257 quido-

1372 3261 1418 3317 lis
1429 3291 1439 3306 ,
1453 3267 1489 3302 8<
1503 3263 1682 3316 perjuriis
1695 3261 1888 3308 instruffi,
1903 3259 1996 3299 sicut
2010 3260 2064 3298 eis
2078 3259 2198 3299 fuerat
2211 3260 2283 3297 im-

1372 3330 1546 3370 peratum
1559 3346 1569 3365 ‚
1588 3317 1800 3356 Asturicam
1815 3344 1825 3362 ‚
1847 3329 1961 3368 quam
1982 3316 2058 3367 jam
2077 3315 2282 3367 praedones

1371 3373 1487 3425 ipsius
1501 3374 1566 3412 sub
1585 3372 1713 3424 specie
1732 3371 1923 3411 Romanae
1945 3370 2205 3409 ordinationis
2225 3369 2284 3406 in-

1371 3429 1811 3474 traverant‚mentientes
1825 3427 1872 3465 acl
1884 3426 2286 3478 Siievos‚qui1·emaii-

1373 3481 1508 3529 serant,
1520 3483 1654 3533 jussam
1667 3482 1733 3522 sibi
1745 3482 1996 3534 expeditione
2004 3480 2284 3533 ni,ingi·ediun-

1373 3549 1435 3579 tur
1457 3553 1552 3593 pace
1573 3537 1703 3579 fucata
1727 3537 1838 3577 solita
1859 3548 1939 3577 arte
1962 3535 2144 3590 perfidia:
2184 3536 2282 3577 Nec

2176 3607 2284 3635 mora
