2366 4040
286 293 1367 357 CHRONICORUMLIBER
1423 289 1774 338 PRIOR-
1939 306 1978 339 Η

499 411 795 452 REGES
858 407 1514 450 ASSYRIORUM.

57 497 208 537 Primus
228 494 464 548 Assyriorum
477 502 543 529 rex
573 490 617 530 N
629 503 645 529 1
659 504 688 529 N
701 503 755 528 us
789 487 874 528 Beli
885 486 986 527 filius
997 488 1178 541 regnavit
1188 489 1305 536 Asiae,
1317 491 1492 545 exceptis
1501 489 1626 538 Indis,
1639 504 1764 531 annos
1783 506 1860 539 Lu,
1873 488 1984 547 cujus

114 567 225 593 XL111
242 547 396 602 imperii
406 560 511 586 anno
523 559 639 586 natus
652 545 708 585 est
729 545 945 585 Abraham.

58 609 216 664 Assyriis
224 603 611 659 imperavitsecunda
642 603 666 642 S
680 616 703 641 E
717 616 752 641 M
765 617 779 642 1
792 617 822 642 Κ
834 616 862 641 A
875 615 911 640 M
924 615 939 641 1
953 616 971 641 8
1004 615 1103 641 uxor
1123 601 1226 642 Nini
1246 616 1369 644 annos
1387 618 1478 644 XL11
1493 620 1499 644 :
1531 603 1583 645 de
1594 619 1672 659 qua
1684 605 1987 646 innumerabilia

112 673 328 707 narrantur,
351 664 484 714 quae&
496 660 630 699 Afiam
644 659 775 699 tenuit
784 686 796 705 ,
814 663 852 699 &
871 670 1033 713 propter
1050 658 1357 700 inundationem
1369 675 1529 717 aggeres
1547 662 1763 703 construxit
1770 691 1782 710 ,
1802 663 1988 718 plurimas

113 719 338 774 Babyloniae
349 716 465 756 urbes
476 716 701 756 instaurans.

227 775 389 830 Assyriis
400 774 579 829 regnavit
589 774 739 829 primus
769 773 814 812 N
826 786 841 812 1
855 786 886 812 N
896 785 927 811 U
940 787 959 812 s
1006 810 1009 812 ,
1595 789 1684 815 ann.
1716 791 1764 817 LI
1776 791 1804 817 1.

57 835 268 888 Regnante
278 833 394 873 Nino
405 830 512 885 apud
525 831 696 885 Assyrios
707 857 718 875 ‚
730 828 940 869 novissimo
953 829 1034 882 ejus
1047 840 1230 884 tempore
1241 830 1412 871 nascitur
1424 832 1638 873 Abraham.

228 888 390 944 Assyriis
401 889 582 943 regnavit
590 885 761 926 secunda
793 885 816 923 S
830 899 853 923 E
866 898 902 923 Μ
914 899 930 923 1
942 899 972 923 Κ
985 899 1011 923 A
1026 897 1062 921 M
1074 897 1122 946 rs
1155 897 1253 924 uxor
1261 887 1365 925 Nini
1592 903 1682 927 ann.
1714 904 1788 931 XLI
1799 904 1830 931 1.

227 947 388 1001 Assyriis
399 945 580 999 regnavit
590 943 728 983 tertius
757 940 794 979 Z
808 955 833 980 A
849 954 884 979 M
898 953 921 978 Ε
934 954 950 979 1
964 954 983 979 8
995 966 1007 986 ,
1029 953 1100 992 qui
1112 944 1149 980 ὃ(
1166 941 1211 980 Ν
1224 954 1239 979 1
1252 954 1282 980 N
1294 955 1318 980 Y
1328 954 1356 981 A
1370 954 1389 980 s
1400 967 1411 987 ,
1444 941 1544 983 filius
1553 943 1703 984 Nini&

412 997 681 1039 Semiramidis
1602 1014 1693 1039 ann.
1725 1015 1846 1043 xxxvi
1858 1018 1872 1043 1
1883 1018 1913 1044 1.

232 1059 392 1114 Assyriis
407 1057 588 1111 regnavit
597 1066 758 1109 quartus
788 1054 826 1094 A
839 1068 868 1095 R
878 1068 893 1094 1
906 1068 935 1093 U
946 1068 964 1093 8
1602 1071 1692 1097 ann.
1723 1072 1810 1099 xxx.

229 1116 387 1169 Assyriis
399 1114 578 1169 regnavit
589 1113 751 1166 quintus
783 1112 820 1151 A
830 1126 860 1151 Κ
871 1126 898 1151 A
912 1126 937 1151 L
952 1125 968 1151 1
982 1124 1011 1150 U
1024 1125 1043 1150 8
1599 1128 1688 1154 ann.
1721 1129 1784 1156 XL.

227 1172 388 1227 Assyriis
398 1171 579 1226 regnavit
589 1170 716 1211 sextus
746 1169 788 1210 X
800 1183 824 1208 E
836 1183 867 1209 Κ
876 1183 901 1208 x
915 1183 937 1207 E
951 1183 969 1209 8
982 1195 994 1215 ,
1024 1170 1143 1222 qui&
1173 1167 1236 1208 BA
1246 1182 1271 1208 L
1283 1182 1307 1207 E
1319 1182 1343 1209 u
1354 1183 1373 1209 8
1385 1196 1399 1215 ,
1601 1186 1692 1212 ann.
1722 1187 1808 1213 xxx.

474 1282 772 1325 REGES
833 1280 1560 1323 SICYONIORUM.

55 1397 226 1438 Castoris
237 1397 274 1437 C
279 1396 572 1452 hronographia
582 1396 634 1437 de
647 1397 926 1452 Sicyoniorum
937 1409 1061 1452 regno
1076 1405 1312 1452 :Exponemus
1324 1398 1558 1453 Sicyoniomm
1569 1411 1664 1451 reges
1673 1398 1713 1437 ab
1721 1401 1896 1455 effigialeo
1909 1431 1917 1445 ,
1938 1397 1995 1451 κβ,

108 1471 173 1510 que
181 1455 228 1494 ad
234 1463 268 1494 Z
269 1457 454 1509 euxippum
466 1471 478 1494 .·
495 1459 556 1509 qui
565 1470 679 1494 omnes
690 1465 926 1510 regnaverunt
935 1459 1033 1493 annia·
1041 1459 1219 1511 nongentis
1252 1467 1325 1493 LXI
1336 1467 1351 1492 ι
1368 1469 1375 1492 :
1407 1455 1452 1500 ὠ*
1463 1455 1661 1494 Sacerdotes
1674 1460 1794 1497 carnii
1813 1490 1822 1504 ‚
1843 1458 1995 1512 quiprae-

101 1506 254 1565 ficerun't
272 1515 372 1551 armis
403 1525 499 1552 XXXI
512 1526 527 1551 1
542 1527 549 1551 :
572 1514 649 1568 post
670 1528 751 1567 quos
762 1510 921 1565 fizcerdos
936 1511 1137 1564 constitutus
1147 1514 1195 1567 est
1211 1509 1441 1552 Charidemus
1451 1544 1459 1558 ‚
1493 1515 1554 1567 qui
1567 1511 1739 1568 impensas
1754 1514 1998 1568 nonsustinens

125 1584 149 1606 u
172 1581 211 1609 tt.

52 1626 96 1666 N
99 1568 172 1666 ιξιέ
179 1637 368 1681 regnante
379 1624 486 1681 apud
498 1625 672 1681 Assyrios
681 1655 692 1673 ‚
704 1627 853 1682 primus
866 1625 1061 1681 Sicyoniis
1072 1627 1287 1682 imperavit
1296 1624 1501 1681 AEgialeus
1511 1640 1635 1667 annos
1665 1641 1713 1668 L1
1725 1642 1740 1668 1
1755 1655 1767 1674 ,
1796 1629 1818 1668 εὶ
1829 1641 1912 1682 quo
1928 1626 2000 1666 AE-

109 1682 234 1737 gialea
244 1695 473 1738 nuncupata
482 1683 537 1722 est
547 1712 558 1730 ,
572 1699 658 1738 quae
669 1699 776 1724 nunc
788 1683 1083 1738 Peloponnesus
1095 1696 1261 1725 vocatur
1272 1701 1279 1725 ;
1290 1683 1378 1738 post
1398 1697 1521 1737 quem
1533 1683 1728 1725 secundus
1757 1685 1791 1724 E
1803 1699 1833 1725 u
1844 1700 1874 1725 Κ
1886 1700 1912 1725 o
1922 1699 1943 1725 P
1955 1698 1974 1724 8
1987 1711 2000 1731 ,

112 1740 183 1793 qui
196 1744 233 1780 &
245 1740 424 1794 praelatus
436 1740 489 1780 est
503 1742 632 1781 titulo.

234 1798 427 1852 Sicyoniis
440 1799 620 1853 regnavit
631 1798 824 1840 secundus
854 1797 889 1838 E
899 1811 924 1838 u
936 1812 967 1838 Κ
979 1813 1005 1838 o
1017 1812 1039 1838 P
1051 1813 1070 1839 s
1600 1813 1692 1839 ann.
1724 1812 1819 1839 XLv.

55 1853 104 1893 In
116 1853 268 1894 Graecia
286 1855 462 1895 secundo
483 1857 653 1910 imperio
677 1855 874 1911 Sicyoniis
893 1856 1107 1910 imperavit
1118 1856 1274 1911 Europs
1285 1883 1297 1902 ,
1327 1857 1439 1910 cujus
1455 1870 1527 1897 xx1
1538 1871 1554 1897 1
1576 1857 1688 1911 regni
1699 1870 1806 1896 anno
1817 1867 1933 1897 natus
1945 1854 1998 1895 cst

114 1911 330 1951 Abraham.

233 1967 429 2021 Sicyoniis
441 1968 578 2007 tertius
588 1970 769 2022 regnavit
796 1968 838 2006 T
851 1981 874 2005 E
887 1982 912 2006 L
923 1982 945 2005 c
958 1982 986 2005 H
999 1982 1015 2006 1
1028 1982 1060 2009 N
1609 1982 1699 2008 ann.
1730 1983 1792 2008 xx.

232 2024 428 2075 Sicyoniis
436 2024 617 2075 regnavit
627 2035 788 2076 quartus
819 2024 858 2061 A
870 2037 892 2063 P
909 2036 924 2061 1
941 2038 960 2062 8
1609 2039 1699 2064 ann.
1731 2038 1818 2065 xxv.

233 2078 428 2131 Sicyoniis
438 2079 619 2131 regnavit
627 2079 792 2131 quintus
819 2077 897 2116 ΤΗ
906 2091 930 2115 E
943 2091 968 2116 L
978 2090 1003 2115 X
1016 2090 1031 2115 1
1049 2092 1074 2117 o
1086 2093 1118 2118 N
1611 2095 1703 2119 ann.
1735 2095 1783 2120 L1
1794 2095 1825 2120 1.
1855 2118 1857 2121 ,

231 2134 426 2188 Sicyoniis
437 2135 618 2189 regnavit
627 2134 756 2175 sextus
796 2133 835 2173 A
847 2148 872 2173 E
885 2147 910 2173 G
920 2147 946 2174 Y
955 2148 985 2174 Κ
997 2146 1026 2172 U
1037 2149 1056 2174 8
1610 2149 1700 2175 ann.
1732 2150 1829 2176 XXXI
1837 2151 1876 2177 v.

233 2191 428 2245 Sicyoniis
439 2189 628 2245 septimus
638 2191 818 2248 regnavit
846 2189 924 2230 Tu
935 2205 961 2230 u
971 2204 1001 2230 Κ
1017 2205 1033 2231 1
1049 2204 1086 2230 M
1101 2205 1125 2231 A
1140 2205 1162 2231 c
1173 2205 1236 2231 Hu
1249 2205 1268 2231 8
1445 2205 1447 2207 ·
1607 2206 1698 2232 ann.
1730 2207 1824 2233 XLv.

59 2246 184 2302 Apud
180 2247 409 2344 filigyptios
439 2247 504 2290 xvi
536 2248 705 2303 potestas
716 2261 811 2295 erat,
823 2261 944 2302 quam
955 2259 1102 2289 vocant
1113 2248 1356 2303 Dynastiam.
1371 2246 1437 2288 Ab
1448 2246 1527 2288 hoc
1539 2260 1721 2303 tempore
1738 2261 2003 2306 regnaverunt

115 2304 170 2344 eis
232 2305 346 2345 iebaei
357 2319 480 2346 annos
511 2309 592 2347 εἶ.

545 2417 842 2458 REGES
900 2416 1517 2460 ARGIVORUM.

61 2527 200 2568 Castor
221 2529 561 2584 Chronographus
577 2530 628 2569 de
649 2530 892 2585 Argivorum
914 2544 1038 2585 regno
1057 2530 1112 2570 ita
1133 2530 1311 2584 loquitur
1332 2546 1340 2569 t
1371 2528 1621 2586 Const’quenter
1639 2531 1886 2587 perfiquemur
1905 2545 1999 2587 reges

115 2590 224 2639 Argi,
256 2587 297 2626 ab
307 2585 432 2628 Inacho
445 2620 453 2634 ‚
467 2588 572 2642 usqtce
582 2591 620 2626 in
631 2585 1018 2639 Sthenelantumfilium
1027 2591 1186 2644 Crotopi:
1197 2602 1343 2643 quorum
1353 2591 1540 2628 invenitur
1551 2603 1649 2629 omne
1657 2600 1793 2645 tempus
1811 2593 1894 2628 anm·
1924 2603 2004 2628 ccc.

117 2656 222 2681 LXXX
228 2657 243 2681 1
251 2657 288 2682 v.

240 2700 399 2754 Argivis
410 2700 559 2753 primus
570 2701 750 2754 regnavit
779 2700 799 2739 I
810 2714 841 2740 N
854 2714 879 2739 A
893 2715 915 2739 c
926 2714 953 2738 H
965 2713 991 2738 u
1001 2715 1020 2739 8
1606 2715 1695 2741 ann.
1709 2720 1740 2741 L.

61 2755 193 2796 Ninus
204 2755 391 2795 condidit
402 2757 606 2796 civitatem
620 2757 776 2797 Ninum
788 2757 830 2796 in
848 2757 1012 2811 regione
1025 2754 1269 2809 Assyriorum
1282 2784 1294 2802 ‚
1311 2769 1432 2810 quam
1452 2755 1614 2797 Hebraei
1636 2769 1785 2797 vocant
1795 2758 1840 2799 N
1842 2758 2004 2798 inivem.

119 2811 243 2865 Apud
255 2813 419 2852 Cretam
438 2814 617 2867 regnavit
627 2814 726 2854 Cres
738 2814 886 2867 primus
896 2811 1084 2867 indigena
1096 2827 1103 2851 z
1114 2813 1135 2851 ὲ
1145 2826 1227 2866 quo
1240 2813 1363 2853 Creta
1373 2813 1587 2868 appellata:
1604 2827 1727 2868 quem
1748 2814 1859 2867 ajunt
1878 2829 2005 2856 unum

121 2868 359 2908 Curetarum
369 2868 516 2915 fuiss'e231
527 2870 833 2924 quibusJupiter
844 2869 1097 2910 absconditus
1110 2869 1177 2916 est,
1192 2874 1229 2909 &
1240 2870 1420 2910 nutritus.
1459 2869 1519 2911 Hi
1539 2870 1719 2911 Cnosson
1736 2872 1943 2912 civi-tatem
1964 2874 2007 2912 in

124 2922 247 2961 Creta
259 2925 543 2972 condiderunt,
556 2930 594 2966 8<
607 2927 782 2980 Cybeles
791 2927 925 2967 matris
935 2925 1145 2981 templum.
1180 2926 1357 2967 Sodoma
1371 2931 1409 2966 &
1420 2926 1621 2967 Gomorra
1632 2927 1830 2968 succensae.
1866 2929 2005 2969 Inachi

121 2977 199 3018 filia
207 2977 254 3017 Io
265 3006 275 3024 ,
296 2993 416 3032 quam
434 2982 617 3037 AEgyprii
638 2994 795 3025 mutato
806 2985 972 3024 nomine
982 2982 1127 3024 Isidem
1140 2983 1289 3024 colunt.
1326 2985 1364 3023 A
1379 2995 1488 3038 patre
1507 2984 1659 3024 Inacho
1678 2984 1848 3025 Inachus
1860 2985 2004 3027 fluvius

122 3034 231 3089 apud
244 3035 393 3090 Argos:
411 3038 432 3076 a
443 3036 519 3076 filia
528 3039 627 3079 Ione
640 3040 836 3095 Bosporos
853 3052 1116 3095 nuncupatur.
1141 3041 1242 3095 Apis
1264 3042 1306 3081 in
1327 3040 1513 3097 AEgypto
1532 3042 1684 3095 primus
1694 3041 1802 3082 Deus
1818 3055 2003 3097 putatur,

123 3105 246 3145 quem
259 3092 423 3145 quidam
437 3093 612 3147 Serapim
621 3110 778 3137 vocant.

68 3147 327 3204 Sexagenai·io
339 3149 442 3190 Isaac
455 3149 663 3190 nascuntur
673 3152 742 3191 filii
753 3154 903 3205 gemini
918 3168 925 3191 :
945 3153 1101 3207 primus
1111 3153 1210 3194 Esau
1222 3181 1233 3199 ‚
1254 3154 1374 3208 qui&
1384 3153 1519 3194 Edom
1533 3170 1541 3194 ε
1560 3156 1581 3195 a
1597 3169 1680 3209 quo
1697 3170 1794 3211 gens
1808 3155 2004 3198 Idumae0=

123 3218 210 3245 rum
224 3205 565 3261 :secundusjacob
577 3235 588 3254 ,
600 3209 669 3261 qui
679 3208 814 3262 postea
822 3207 937 3248 Israel
951 3225 957 3248 :
969 3211 990 3249 a
999 3223 1082 3264 quo
1093 3210 1270 3251 Israelitae
1278 3238 1289 3257 ‚
1302 3211 1373 3265 qui
1382 3211 1633 3266 nuncJudaei.

528 3319 1172 3364 ASSYRIORUM
1230 3322 1536 3365 REGES.

246 3428 404 3482 Assyriis
414 3432 593 3486 regnavit
605 3431 795 3485 septimus
827 3432 865 3473 A
878 3447 908 3474 Κ
918 3447 954 3474 Μ
966 3449 992 3477 A
1005 3449 1041 3475 M
1054 3450 1069 3476 1
1083 3450 1106 3477 T
1119 3451 1149 3479 Κ
1162 3451 1186 3478 Ε
1198 3451 1218 3477 s
1619 3450 1708 3477 ann.
1722 3448 1846 3477 XXXVI
1858 3450 1872 3475 1
1884 3449 1914 3475 1.

247 3485 406 3539 Assyriis
418 3489 595 3542 regnavit
604 3489 764 3530 ostavus
796 3491 827 3531 B
841 3505 864 3530 E
877 3505 902 3530 L
913 3507 938 3532 0
949 3506 972 3531 c
983 3507 1011 3533 H
1021 3507 1048 3534 u
1060 3508 1079 3534 8
1618 3508 1709 3534 ann.
1722 3508 1813 3534 XXV.

249 3542 408 3596 Assyriis
418 3545 597 3599 regnavit
607 3560 736 3588 nonus
767 3548 798 3588 Β
811 3562 837 3587 A
853 3562 876 3588 L
889 3560 912 3587 Ε
925 3562 953 3589 U
966 3564 985 3590 8
1469 3600 1472 3604 ’
1618 3565 1707 3591 ann.
1721 3565 1761 3591 LI
1773 3565 1787 3591 1
1797 3583 1805 3591 .

1768 3670 1990 3712 SICYO-
