2366 4040
622 209 1464 263 CHRONICONz
1920 215 1966 272 ψ

181 302 336 347 stantini
375 298 534 341 senioris
557 310 658 339 anno
690 294 925 350 synodaliter
953 292 1020 332 da-

184 360 424 401 mnationem
443 367 533 396 cum
554 352 718 406 proprio
736 363 866 390 errore
897 347 1023 388 susce-

182 417 252 469 pit.
275 414 375 467 Qae
395 411 483 465 post
493 409 573 448 haec
588 421 667 447 non
686 405 810 446 solum
822 404 1000 445 Orientis
1012 432 1025 450 ,

181 468 467 512 &Occidentis
487 475 635 516 partem
656 461 886 507 maculavit,
906 459 1022 499 sed&

184 526 443 567 Meridianam
456 524 494 560 &
507 517 791 571 Septentrionis
802 516 970 568 plagam,
983 518 1021 554 ὅς

182 578 280 635 ipsas
289 572 424 620 insulas
435 574 456 614 s
451 589 496 614 ua
507 573 670 628 perfidia
680 572 856 611 irretivit.
869 572 905 610 A
918 571 1025 624 vige-

184 637 278 677 simo
298 645 390 685 ergo
412 628 666 670 Constantini
684 625 875 680 Principis
896 640 1003 666 anno
1016 655 1028 674 ‚

184 705 267 746 quo
287 699 462 739 tempore
491 681 659 724 Haerefis
682 683 842 723 Arriana
871 683 1029 722 initium

183 741 474 797 sumpfit,usque
487 741 525 779 in
538 739 721 779 ottavum
732 738 1030 792 annumMauri-

184 801 235 840 cii
248 798 438 851 Principis
449 795 723 836 Romanorum
732 824 743 840 ,
755 796 826 847 qui
836 792 891 834 est
902 790 1029 851 R—ega-

182 854 267 896 redi
284 865 445 908 quartus
457 852 564 904 regni
574 863 710 897 annus,
720 850 813 889 anni
826 848 911 889 sunt
922 865 1028 888 εεικνι,

181 910 325 965 quibus
337 907 506 949 Ecclesia
516 904 730 946 Catholica
741 904 856 956 hujus
869 903 1032 943 Haeresis

183 965 433 1007 infestatione
454 962 654 1002 laboravit.
677 959 741 998 sed
761 957 916 999 favente
938 957 1031 997 Deo

185 1022 296 1068 vicit,
310 1020 500 1074 quoniam
513 1016 670 1057 fundata
680 1014 857 1067 estsuper
869 1025 1030 1066 petram.

186 1078 231 1118 In
246 1078 302 1116 his
315 1089 411 1129 ergo
425 1072 681 1126 temporibus,
694 1071 836 1124 quibus
849 1069 1032 1121 omnipo-

188 1145 270 1173 tens
285 1133 394 1170 Deus
406 1157 418 1176 ,
430 1128 622 1183 prostrato
634 1125 850 1166 veternosae
864 1123 1034 1165 Haerefis

190 1200 345 1227 veneno
355 1213 366 1232 ‚
391 1197 526 1239 pacem
553 1182 626 1222 suae
647 1180 812 1220 restituit
833 1178 1012 1220 Ecclefiae
1022 1207 1032 1225 ,

190 1244 405 1295 Imperator
425 1238 619 1278 Persarum
639 1234 788 1276 Christi
806 1234 971 1288 suscepit
990 1233 1036 1274 fi-

192 1299 342 1344 dem,&
353 1291 492 1348 pacem
505 1306 596 1334 cum
609 1291 808 1332 Mauricio
821 1291 1037 1345 Imperato-

1117 307 1159 333 re
1172 292 1348 339 firmavit.
1374 291 1583 334 Recaredo
1605 306 1701 347 ergo
1715 292 1964 334 orthodoxo

1118 351 1254 404 quieta
1266 360 1362 403 pace
1373 360 1575 402 regnante,
1587 349 1810 389 domesticae
1819 349 1965 390 insidia:

1118 407 1427 459 ptaetenduntur.
1445 404 1551 445 Nam
1567 405 1730 456 quidam
1742 419 1790 444 ex
1803 403 1967 445 cubicu-

1121 463 1162 501 10
1181 463 1262 514 ejus
1278 454 1395 502 etiam
1426 460 1644 501 Provinciae
1666 461 1778 508 Dux,
1804 461 1967 499 nomine

1123 518 1394 569 Argimundus
1406 546 1418 565 ‚
1436 513 1616 558 adversus
1627 515 1875 556 Recaredum
1888 515 1967 556 Re-

1123 585 1216 625 gem
1238 574 1485 626 tyrannidem
1504 571 1687 612 assumere
1708 572 1896 625 cupiens‚
1915 573 1969 612 ita

1125 626 1225 675 ut,s1
1237 627 1361 680 posset
1371 658 1383 676 ,
1397 640 1488 668 eum
1499 631 1537 668 &
1548 641 1668 681 regno
1682 629 1851 680 privaret
1863 631 1900 667 ὃς
1910 628 1972 667 vi-

1126 694 1174 727 ta.
1191 683 1266 723 Sed
1279 683 1439 724 nefandi
1450 685 1533 737 ejus
1554 683 1706 723 confilii
1724 682 1881 724 detecta
1892 696 1970 722 ma-

1128 737 1354 779 chinatione
1366 769 1377 787 ,
1391 738 1694 791 comprehensus
1704 767 1715 786 ‚
1739 741 1824 778 &in
1838 739 1974 778 vincu-

1128 795 1176 834 lis
1194 793 1327 835 ferreis
1345 794 1540 840 redattus,
1571 793 1699 834 habita
1718 793 1950 835 discussione
1963 818 1975 841 ,

1128 848 1318 900 sociiejus
1343 851 1500 902 impiam
1520 850 1856 889 machinationem
1878 863 1978 889 con-

1129 901 1213 942 feffi
1240 904 1442 956 condigna
1471 903 1557 942 sunt
1585 904 1735 944 ultione
1768 903 1975 945 interfeffi.

1129 956 1215 1010 Ipse
1241 970 1371 998 autem
1391 959 1660 1011 Argimundus
1677 988 1690 1007 ,
1728 961 1797 1013 qui
1815 974 1980 1013 regnum

1132 1012 1318 1054 assumere
1339 1013 1550 1067 cupiebat,
1572 1015 1741 1067 primum
1760 1015 1981 1055 verberibus

1131 1069 1555 1122 interrogatus,deinde
1567 1070 1731 1122 turpiter
1741 1070 1983 1118 decalvatus,

1132 1123 1221 1178 post
1237 1123 1319 1164 haec
1337 1125 1476 1165 dextra
1497 1137 1722 1178 amputata,
1754 1126 1984 1178 exemplum

1135 1179 1365 1220 omnibusin
1386 1179 1586 1220 Toletana
1607 1181 1700 1220 urbe
1715 1180 1831 1222 Asino
1851 1182 1985 1221 sedens

1134 1236 1415 1289 pompizando
1436 1236 1572 1283 dedit,
1597 1240 1636 1276 δε
1655 1237 1797 1278 docuit
1815 1235 1986 1278 famulos

1135 1291 1306 1330 dominii
1319 1305 1399 1331 non
1411 1291 1487 1332 effe
1502 1290 1703 1344 superbos·

443 1387 743 1423 CHRONICI
782 1385 937 1421 IOAN.
967 1384 1214 1419 ABBATIS
1243 1386 1465 1421 BICLAR.
1496 1385 1666 1419 FINIS.

186 1490 982 1499 *fl——ss—..ssm——.

413 1581 913 1662 IDATII
1020 1577 1728 1658 EPISCOPI

141 1728 1994 1998 CHROENJCON

446 2063 783 2126 FASTI

346 2244 422 2290 Ex
459 2242 662 2291 editione
723 2245 745 2290 Ι
805 2220 869 2296 A‘
910 2242 970 2288 c,

880 2019 1695 2124 CONSVLARES.

1076 2239 1811 2287 SIRMONDI

747 2321 923 2363 Lutetiae
947 2319 1061 2361 Paris,
1104 2332 1142 2360 Μ
1161 2334 1187 2360 D
1205 2335 1227 2360 c
1269 2334 1293 2359 x
1315 2334 1329 2360 1
1355 2334 1393 2360 x.

540 2570 596 2628 L
710 2563 762 2652 Ε
876 2569 936 2627 C
1050 2560 1108 2625 T
1226 2563 1289 2625 o
1404 2565 1465 2624 R
1577 2566 1622 2623 1.

752 2692 816 2737 De
846 2691 1019 2738 chronico
1046 2694 1090 2738 ες
1113 2686 1245 2752 Pastas
1271 2689 1404 2735 [dacii.

383 2820 391 2829 ν
446 2795 486 2837 D
499 2811 524 2837 A
538 2811 561 2837 T
575 2812 589 2838 1
606 2812 620 2837 1
653 2796 891 2837 Chronicon
901 2828 910 2844 ,
938 2797 1047 2849 cujus
1057 2807 1246 2849 excerpta
1264 2805 1420 2835 tantum
1435 2794 1616 2848 quaedam
1629 2793 1677 2835 ab
1689 2793 1870 2837 Henrico
1882 2784 2004 2835 Canio

338 2869 359 2884 =
446 2853 500 2893 fio
511 2855 697 2908 primum,
710 2852 858 2894 deinde
869 2853 1072 2907 aJosepho
1084 2852 1282 2948 Scaligero
1294 2851 1404 2891 edita
1415 2851 1585 2900 fuerant,
1598 2853 1800 2909 integrum
1812 2866 1920 2893 nunc
1932 2852 2001 2892 de-

320 2927 408 2971 χρ
449 2924 558 2951 mum
568 2910 750 2951 indidem
761 2909 912 2965 prodit,
923 2909 1030 2949 unde
1041 2923 1168 2963 nuper

1219 2922 1319 2948 omae
1331 2907 1482 2964 vulgari
1492 2920 1672 2963 coeptum
1684 2910 1748 2950 est.
1767 2923 1816 2949 ex
1832 2909 2002 2962 antiquo

366 2958 411 3022 ἐξ
449 2965 638 3006 videlicet
648 2967 789 3007 codice
801 2967 933 3020 nostro
943 2994 954 3013 ‚
966 2977 1088 3019 quem
1097 2966 1168 3020 qui
1180 2965 1407 3006 Romanam
1418 2965 1645 3006 editionem
1657 2968 1820 3013 curavit,
1832 2966 1925 3020 quia
1933 2966 2004 3006 Pa-

450 3021 545 3060 rifiis
557 3021 631 3061 csse
643 3023 847 3063 audiverat
857 3057 866 3070 ,
877 3022 1127 3063 Parifiensem
1139 3022 1353 3077 appellavit
1365 3038 1372 3061 :
1393 3036 1466 3062 nos
1478 3021 1703 3063 Metensem
1715 3024 1848 3078 potius
1859 3022 2003 3062 distrui

162 3094 315 3122 eramus
326 3076 438 3132 quod
455 3077 583 3118 Metis
592 3075 689 3117 olim
701 3079 941 3133 exscrIptum
952 3079 1186 3119 arbitremur
1196 3101 1206 3126 5
1225 3079 1321 3118 inde
1331 3080 1437 3119 certe
1446 3076 1496 3118 ad
1513 3093 1585 3132 nos
1596 3093 1645 3120 cx
1658 3081 1905 3121 Monasterio
1916 3094 2001 3119 non

162 3136 333 3193 ignobili
344 3148 419 3175 nec
430 3133 597 3174 obscuro
616 3136 852 3187 pervenerit.
884 3136 1039 3188 Qanti
1056 3147 1189 3175 autem
1211 3136 1356 3175 merito
1365 3135 1439 3176 esse
1455 3135 1602 3176 debeat
1618 3137 1865 3184 hiclibellus,
1890 3147 1976 3176 tute
1986 3153 2000 3182 ς,

164 3193 312 3234 Lestor
323 3219 334 3238 ,
353 3191 481 3231 statim
499 3191 694 3247 agnosces.
726 3191 1045 3247 Intelligescnim
1057 3218 1069 3238 ,
1088 3206 1169 3232 non
1181 3191 1303 3232 solum
1323 3192 1372 3232 ab
1383 3192 1460 3247 hoc
1473 3192 1585 3233 fonte
1594 3192 1728 3235 hausta
1738 3210 1784 3247 ea
1795 3194 1870 3236 effe
1881 3221 1893 3240 ,
1914 3206 2001 3247 quae

165 3249 218 3290 de
229 3249 458 3290 Gothorum
472 3281 480 3295 ,
500 3248 724 3288 Suevorum
736 3276 748 3295 ,
770 3249 1011 3302 aliarumque
1028 3251 1215 3304 gentium
1233 3248 1348 3289 rebus
1364 3250 1406 3290 in
1423 3249 1614 3304 Hispania
1633 3251 1842 3307 Galliaque
1864 3264 1934 3305 per
1953 3264 2000 3290 ea

165 3317 348 3360 tempora
358 3305 471 3360 gestis
481 3332 492 3351 ‚
513 3304 619 3359 apud
629 3305 824 3346 Isidorum
837 3333 849 3352 ,
864 3310 900 3346 &
910 3305 1007 3346 alios
1017 3305 1221 3361 scriptores
1232 3333 1243 3352 ,
1262 3320 1344 3346 non
1361 3306 1444 3346 aliis
1455 3305 1579 3348 ferme
1590 3309 1709 3361 quam
1721 3308 1917 3353 Chronici
1928 3307 1999 3347 hu-

163 3363 228 3415 jus
236 3362 365 3402 verbis
375 3363 658 3417 contextalegu
664 3374 753 3404 ntur
766 3380 773 3403 z
792 3362 859 3404 sed
868 3362 939 3403 alia
948 3374 1134 3417 praeterea
1145 3376 1230 3404 tum
1241 3363 1293 3403 ad
1303 3363 1459 3409 sacram,
1472 3376 1559 3404 tum
1566 3365 1617 3405 ad
1626 3367 1786 3407 civilem
1799 3365 1998 3406 historiam

166 3419 334 3473 plurima
346 3417 410 3457 hic
419 3417 553 3458 doceri
564 3446 574 3465 ,
595 3433 680 3472 quae
691 3433 735 3460 ut
756 3421 894 3460 ceteris
911 3420 1099 3460 omnibus
1116 3421 1262 3461 intacta
1273 3421 1341 3474 qui
1359 3432 1498 3461 extant
1509 3455 1518 3468 ‚
1540 3421 1820 3476 ipsinosetiam
1834 3450 1845 3467 ,
1867 3419 1935 3460 nisi
1948 3419 1996 3458 ab

166 3475 301 3516 Idatio
321 3474 629 3529 proditaessent‚
649 3477 829 3532 ignorare
839 3491 1081 3532 cogeremur.
1113 3477 1245 3518 Facile
1257 3492 1354 3532 ergo
1362 3477 1578 3531 judicabis,
1599 3481 1750 3534 publici
1772 3480 1859 3518 usus
1868 3475 2002 3520 fuisse,

167 3542 302 3573 utnon
321 3531 470 3572 diutius
482 3531 558 3573 hoc
580 3532 775 3575 beneficio
793 3547 1022 3576 careremus.
1052 3535 1144 3576 Nec
1156 3535 1252 3576 vero
1266 3535 1418 3582 minor,
1440 3534 1603 3590 utspero
1618 3565 1628 3582 ‚
1650 3539 1723 3578 erit
1735 3535 1858 3591 gratia
1872 3532 2002 3573 Fastom

1399 3592 1440 3632 X
1475 3607 1492 3631 2
1916 3597 2003 3627 rum
