2366 4040
412 315 632 373 Tempus,
649 309 694 358 8c
712 308 901 357 infirmis
914 307 1136 373 sapientia
1154 312 1279 360 venit
1293 313 1349 362 ab
1363 316 1510 377 annis,

410 384 542 429 Dum
556 377 750 444 longum
764 377 969 426 successit
988 379 1087 425 itero
1115 398 1205 444 qua
1217 383 1379 431 caerula
1393 385 1596 449 Tethys,

409 454 514 503 Qua
530 448 739 496 nondum
759 450 975 495 Oceanus
997 446 1176 496 diverso
1188 454 1371 502 nomine
1387 452 1533 502 dicius

408 518 584 582 Incipit
605 514 777 564 infusus
800 516 970 565 medias
993 517 1270 583 distinguere
1289 535 1449 580 terras,

410 589 475 634 Et
496 585 643 633 rursus
664 588 857 651 geminis
886 585 1067 633 Alcidae
1091 584 1261 634 finibus
1284 593 1400 651 exit,

413 660 551 716 Qos
571 668 731 702 natura
750 654 875 702 secat
900 653 1103 720 populos
1121 694 1133 717 ,
1167 669 1246 704 aut
1261 657 1426 707 dividit
1442 658 1539 718 ae‘r,¹

413 728 512 772 Aut
534 722 879 774 fluviisdiversa
900 723 985 769 suis
1011 723 1241 772 interfluit
1267 727 1405 786 unda,

413 791 608 840 Pectore
625 791 786 840 cuncta
804 803 935 838 tenes
952 811 964 848 3
992 791 1157 859 linguae
1170 793 1421 844 discrimina
1440 796 1586 860 mille,

412 864 477 909 Et
495 861 694 909 totidem
707 857 995 922 populorum
1007 874 1142 914 artes,
1157 863 1204 903 8<
1216 865 1405 906 nomina
1422 881 1591 911 rerum.

414 933 518 978 Nec
536 927 732 974 Phoebus
748 922 948 981 veniens,
966 938 1051 969 nec
1066 939 1168 971 cum
1183 922 1227 970 se
1240 925 1404 973 condit
1415 929 1459 974 in
1473 932 1608 981 undis

415 992 675 1060 Conspexit
690 988 794 1054 plus
813 1001 968 1037 mente
982 1002 1086 1037 tua:
1106 1009 1198 1038 non
1213 995 1433 1042 terminus
1445 994 1512 1043 illi
1525 996 1606 1055 est,

415 1068 533 1121 Qae
544 1060 662 1110 male
677 1060 876 1107 vicinum
887 1061 1005 1106 Bore
1015 1077 1084 1107 am
1098 1077 1204 1124 pars
1214 1062 1357 1110 mittit
1369 1064 1415 1111 ὃς
1428 1064 1671 1116 Austrum:

412 1134 458 1180 N
466 1149 518 1178 ec
533 1147 635 1196 quae
650 1127 903 1176 luminibus
916 1127 1211 1177 subtertrahit
1229 1131 1334 1179 ae'ra
1347 1131 1508 1182 nostris

414 1200 634 1260 Invidu8‚
663 1200 709 1246 &
732 1196 878 1246 latum
902 1195 1064 1246 finitor
1088 1198 1256 1247 dividit
1274 1219 1427 1267 axem.

417 1269 567 1327 Qod
587 1280 775 1316 centum
791 1266 976 1333 populis
988 1304 1003 1326 ‚
1026 1269 1155 1334 quod
1172 1270 1265 1317 toti
1278 1268 1443 1320 sufficit
1459 1273 1582 1332 orbi,

415 1337 584 1385 Laudis
597 1335 768 1384 summa
783 1349 873 1385 tuae
887 1336 962 1385 est.
989 1353 1190 1402 pereant
1203 1337 1467 1390 discrimina
1479 1359 1627 1391 rerum
1640 1360 1656 1399 3

418 1411 471 1455 In
489 1419 535 1452 te
550 1404 742 1454 mundus
758 1407 867 1453 erit:
888 1406 1028 1452 toties
1041 1406 1305 1456 mirabimur
1318 1426 1482 1473 unum,

421 1481 558 1533 Quot
568 1475 752 1540 Vesper
763 1473 983 1540 popuIOS,
996 1474 1201 1541 populos
1218 1490 1332 1542 quot
1344 1479 1535 1545 respicit
1545 1483 1657 1529 Eos.

378 1603 383 1610 x
487 1547 560 1592 Sic
577 1556 659 1593 tua
678 1561 784 1592 cum
798 1542 965 1591 nostras
974 1542 1150 1611 fugiant
1164 1548 1394 1612 praeconia
1404 1547 1587 1611 la'udeS,

418 1614 629 1664 Accedit
643 1614 787 1662 tacito
807 1612 976 1661 furtiva
998 1613 1233 1663 calumnia
1252 1616 1427 1676 morsu,

421 1686 487 1732 Et
504 1682 622 1732 solus
636 1682 826 1749 populis
841 1684 922 1748 qui
941 1682 993 1729 fis
1015 1683 1306 1752 quantusque
1317 1684 1496 1734 fatetur

419 1753 568 1801 Livor
591 1755 715 1800 iners
743 1753 884 1800 animi
908 1771 919 1797 ε
951 1752 1147 1817 majores
1165 1753 1304 1803 solvit
1317 1753 1517 1804 honores

421 1822 608 1871 AEmula
630 1840 738 1889 gens
758 1821 846 1870 tibi
860 1819 1000 1870 laude
1013 1839 1139 1871 mea:
1162 1841 1279 1890 quos
1289 1824 1456 1875 tollere
1470 1824 1670 1875 Phoebus

420 1889 602 1953 Nescit>
621 1893 669 1940 &
684 1892 894 1940 attonitae
907 1905 1149 1959 nequeunt
1163 1893 1367 1958 perferre
1373 1888 1640 1954 Camoenae.

421 1962 646 2019 Namque
662 1960 746 2002 ubi
759 1959 974 2020 supremo
998 1976 1149 2004 rerum
1162 1962 1288 2007 stetit
1299 1962 1464 2008 ordine
1477 1965 1622 2009 virtus

424 2025 609 2072 Divitiis
631 2025 793 2065 innixa
816 2022 900 2066 suis
921 2045 932 2067 z
965 2042 1104 2082 quam
1126 2039 1312 2087 tangere
1334 2028 1476 2072 nescit

423 2088 617 2153 Impetit
636 2084 828 2144 infelix,
850 2086 898 2132 8<
922 2085 1113 2133 destruit
1133 2091 1289 2148 omni-a
1313 2090 1447 2137 livor.

425 2160 499 2208 Sic
522 2155 605 2202 ubi
631 2153 881 2202 cedentem
899 2152 1029 2218 Jovis
1044 2156 1240 2221 armiger
1259 2156 1324 2204 ire
1345 2169 1432 2222 per
1451 2153 1653 2222 aethram,

427 2229 468 2275 E
486 2227 661 2274 summa
673 2236 865 2272 conatur
879 2223 1025 2271 humo
1039 2247 1051 2283 3
1071 2225 1272 2290 primum
1291 2230 1475 2292 agmine
1491 2230 1636 2278 denso

425 2295 625 2345 Infirmae
646 2294 932 2340 comitantur
956 2310 1060 2340 aves
1089 2313 1099 2340 :
1129 2293 1240 2342 dum
1263 2295 1418 2345 nubila
1438 2298 1578 2365 supra

427 2366 616 2424 Fertur,
640 2364 688 2410 8<
709 2361 918 2410 adversos
940 2361 1089 2410 eludit
1101 2361 1302 2412 fulminis
1326 2365 1448 2416 icius,

428 2437 534 2482 Pars
547 2431 663 2480 infra
683 2433 890 2498 trepidat
906 2471 920 2495 ,
939 2449 1042 2498 pars
1063 2431 1155 2480 sese
1176 2433 1385 2484 attollere
1409 2437 1563 2505 gestit,

428 2507 536 2551 Pars
555 2515 715 2549 conata
732 2515 913 2564 manet3
939 2518 1039 2567 pars
1054 2502 1222 2552 aethere
1238 2503 1385 2553 fertur
1399 2507 1456 2554 ab
1469 2508 1590 2566 alto,

430 2573 496 2618 Et
518 2569 624 2618 solis
645 2569 823 2625 miseras
851 2571 1014 2637 explet
1037 2570 1335 2639 clangoribus
1356 2575 1456 2624 iras.

430 2639 608 2687 Invidia
618 2638 720 2703 plus
732 2639 881 2687 laudis
895 2639 1067 2707 habesj,
1083 2660 1217 2707 quam
1229 2644 1431 2692 carmine
1446 2643 1627 2706 nostroj

432 2709 536 2754 Nec
550 2706 695 2765 major
706 2709 877 2748 virtute
893 2722 972 2750 tua
985 2727 1029 2750 ce·
1053 2729 1064 2750 ;
1089 2724 1208 2770 quot
1223 2709 1417 2773 despicis
1432 2710 1567 2770 infra,

431 2777 536 2821 Tot
555 2770 693 2825 testes
716 2767 953 2835 hostesque
969 2774 1036 2817 tui
1058 2771 1189 2819 fimul
1208 2776 1367 2839 aspicis
1389 2781 1456 2827 ire

433 2842 652 2891 Nominis
664 2876 678 2897 ,
701 2853 844 2904 atque
863 2840 1012 2903 ipsum
1033 2856 1226 2889 numero
1249 2847 1423 2892 metiris
1442 2847 1686 2899 honorem.

504 2913 608 2958 Nec
625 2923 701 2957 tua
719 2926 818 2972 quae
833 2908 971 2955 nullis
985 2908 1133 2957 clausa
1145 2909 1208 2958 est
1226 2909 1447 2976 sapientia
1462 2921 1612 2977 metiS,

437 2978 530 3025 Sed
544 2980 690 3030 virtus
704 2978 876 3042 generis
888 3015 901 3037 ,
914 2977 1184 3043 generisque
1200 2981 1433 3031 invaditur
1447 2986 1586 3048 ordo,

439 3047 672 3110 Stirpsque
687 3045 847 3094 invicta
863 3047 1035 3094 Deum.
1063 3047 1120 3095 sic
1134 3048 1436 3099 Guillandina
1451 3071 1661 3121 papyrus,

438 3111 536 3177 Jam
559 3117 695 3161 toties
718 3114 927 3162 convicia
950 3115 1061 3175 tibi,
1087 3117 1323 3165 Burdonia
1346 3122 1550 3171 monstra

439 3184 574 3230 Eruit
599 3182 623 3228 ὲ
647 3181 848 3229 tenebris
871 3200 881 3226 τ
903 3184 1124 3248 regnique
1149 3185 1333 3233 eversor
1357 3192 1466 3238 aviti

438 3251 611 3298 Hadria
628 3288 640 3310 ‚
655 3250 714 3298 de
728 3250 860 3298 tantis
874 3252 1080 3315 queritur
1097 3253 1321 3319 superesse
1338 3259 1491 3319 ruinis,

441 3320 586 3378 Qod
601 3320 789 3366 miretur
804 3318 950 3366 adhuc
970 3338 981 3364 ε
1006 3323 1051 3369 8(
1066 3321 1122 3368 de
1141 3336 1214 3370 tot
1228 3323 1429 3375 millibus
1449 3329 1527 3376 uni

438 3386 676 3448 Majorum
689 3386 865 3446 tituIOS,
880 3400 1124 3454 totamque
1137 3392 1407 3442 incumbere
1420 3409 1621 3462 gentem.

440 3456 576 3503 Haud
588 3455 718 3503 aliter
738 3456 903 3521 (Divis
918 3456 946 3503 si
964 3456 1024 3506 fas
1045 3476 1330 3525 componere
1344 3465 1524 3529 Divos)

440 3525 766 3589 Veronamque
792 3539 911 3573 tuam
932 3529 1083 3592 primo
1107 3528 1341 3579 deducere
1367 3533 1508 3594 coelo,

443 3595 625 3657 Iupiter
649 3595 775 3642 Idaeis
796 3598 1108 3660 cumprimum
1127 3599 1276 3647 missus
1297 3600 1356 3647 ab
1377 3604 1485 3663 oriS,

441 3665 673 3713 Curetum
687 3665 855 3713 chorea
868 3700 882 3727 2
907 3664 1129 3732 versoque
1146 3661 1204 3716 ad
1219 3668 1404 3734 pectora
1423 3668 1565 3731 ferro,

2011 3757 2074 3803 Et
