2366 4040
407 314 495 359 Seu
505 307 613 373 quia
626 314 798 352 naturae
811 302 1006 368 spatium
1023 298 1322 368 transgreffUS,
1338 302 1381 352 8<
1398 318 1495 351 aevo

407 375 625 433 AEmuluS,
643 373 829 440 angusto
847 371 1070 420 subduxit
1083 371 1270 437 pe&ora
1283 374 1459 420 mundo
1474 404 1487 428 ‚

405 450 496 493 Seu
520 447 615 492 nati
638 444 809 490 virtute
831 441 921 501 sui,
944 442 1025 506 qui
1048 440 1199 489 saecula
1219 443 1349 490 terris

407 513 593 562 Reddit
609 552 621 574 ,
645 514 694 561 -&
708 514 950 577 antiquum
971 508 1194 557 restaurat
1208 511 1418 576 gentibus
1428 528 1573 560 aevum
1587 525 1601 567 3

405 584 602 648 Antiqui
617 581 885 647 vindexque
897 578 974 628 sui.
1015 580 1114 625 Scit
1131 580 1272 626 Graia
1289 580 1501 642 vetustas,

405 651 591 718 Jupiter
609 665 782 698 aeter-n‘o
797 648 1034 715 postquam
1053 646 1259 697 succeffit
1272 648 1506 714 Olympo,

407 723 471 768 Et
494 734 625 768 terrae
648 718 897 786 profugum
914 720 1129 764 Saturnus
1143 716 1351 764 reddidit
1365 736 1473 765 auru
1482 737 1542 782 m,

407 791 484 837 Ex
508 788 592 836 illo
614 788 790 852 Libyas
815 786 1058 850 vicinaque
1090 784 1306 850 Syrtibus
1332 803 1457 847 arva,

408 861 472 906 Et
495 857 526 905 si
547 859 648 920 quis
671 853 835 901 dubias
855 853 953 898 Nili
977 853 1059 897 fibi
1082 854 1286 895 vindicat
1307 855 1451 897 undas
1473 886 1476 887 ν

407 925 637 975 Nondum
651 932 799 968 certus
811 915 962 963 adhuc
977 931 988 963 t
1001 927 1079 962 aut
1091 931 1182 978 qua
1196 915 1454 963 manifestus
1470 929 1630 977 arenas

410 991 632 1051 Colligit,
659 988 705 1034 8<
732 1001 857 1033 raros
880 982 1068 1032 excusat
1081 981 1488 1044 fluetibusimbres,

410 1054 673 1118 Quaefiviffe
691 1056 851 1102 Deum
875 1072 885 1100 :
918 1066 1101 1101 veteres
1119 1052 1325 1117 quaesistis
1339 1053 1551 1114 Athenae,

411 1131 608 1192 Oraque
629 1121 833 1185 subjezsto
854 1122 1021 1171 leviter
1040 1121 1246 1170 distraCta
1274 1120 1458 1183 Peloro,

412 1195 633 1245 Ausoniis
658 1192 845 1242 exculta
860 1194 963 1240 viris
980 1230 994 1253 ,
1018 1209 1118 1257 quae
1145 1192 1288 1257 prisca
1310 1191 1482 1240 remisit

411 1266 645 1322 Nomina,
668 1281 777 1311 cum
796 1263 932 1311 Latiis
954 1262 1091 1309 latuit
1114 1260 1323 1327 quaesitus
1347 1264 1392 1308 in
1415 1263 1522 1312 oris·

415 1335 621 1394 Qanvis
636 1331 835 1381 fatidicae
858 1333 1002 1380 toties
1020 1332 1236 1378 cecinere
1253 1329 1459 1395 Sibyllae,

413 1406 480 1452 Et
504 1402 634 1448 sacro
655 1398 802 1462 jacuit
827 1403 967 1448 toties
990 1400 1226 1465 totiesque
1252 1400 1333 1447 sub
1360 1414 1496 1447 antro

417 1470 595 1538 Egeriae
617 1467 794 1532 conjux
817 1488 828 1518 :
850 1470 1061 1535 quamvis
1079 1486 1180 1517 cuin
1202 1469 1392 1517 consule
1408 1466 1566 1517 Roma

418 1541 620 1588 Viveret
639 1578 652 1600 ,
675 1541 911 1602 &certum
925 1538 1092 1588 trabeis
1106 1538 1571 1587 inscriberetssannum.

423 1609 635 1672 Qanvis
657 1621 786 1674 grata
805 1607 889 1656 suis
910 1622 1103 1657 ventura
1132 1608 1387 1673 nepotibus
1409 1608 1525 1659 olim

423 1678 615 1727 Eusebii
638 1676 849 1727 donasset
865 1696 1010 1745 opus,
1030 1679 1106 1743 qui
1131 1675 1290 1727 saecula
1314 1677 1479 1726 euntia

423 1748 672 1797 Conderet
688 1784 702 1806 ‚
728 1749 775 1796 &
798 1761 954 1796 totum
975 1748 1178 1797 servaret
1198 1747 1416 1814 gentibus
1429 1745 1612 1805 orbem,

426 1823 555 1883 Quas
568 1815 807 1884 distinguit
819 1816 985 1868 humus
997 1855 1011 1880 ,
1037 1835 1152 1883 quas
1169 1818 1319 1865 omnis
1332 1816 1499 1864 dividit
1513 1828 1635 1878 aetas,

425 1889 648 1953 Ignorata
665 1885 762 1934 fibi.
807 1888 931 1937 Nam
947 1890 1134 1954 quanvis
1155 1887 1271 1952 saepe
1289 1885 1485 1935 vetustas

425 1957 748 2016 Expugnanda
762 1956 870 2013 fuit,
889 1959 1078 2017 quanvis
1090 1970 1163 2000 tot
1174 1956 1364 2001 vulnera
1377 1953 1596 2000 membris

427 2021 640 2066 Duxem
658 2018 853 2078 infelix,
879 2021 1063 2078 quoties
1081 2019 1316 2064 Theseius
1345 2018 1479 2065 heros

430 2089 537 2132 Pars
553 2098 646 2128 non
659 2098 746 2127 una
756 2079 819 2126 sui
835 2117 850 2140 ,
868 2082 1025 2127 medio
1039 2082 1310 2146 quaerendus
1326 2084 1372 2128 in
1384 2094 1516 2146 agro,

430 2156 494 2202 Et
507 2149 679 2199 rursum
699 2147 963 2214 jungendus
974 2162 1074 2196 erat
1086 2187 1101 2211 ,
1129 2149 1409 2197 cumfraude
1424 2162 1644 2199 novercae

435 2219 630 2271 Occidit
646 2216 843 2283 impulsu
858 2216 1101 2266 Volucrum
1117 2217 1347 2267 distraffus
1361 2232 1606 2283 equorum,

436 2295 541 2339 Aut
559 2288 857 2352 Amphioniis
870 2287 1097 2336 notiffima
1123 2287 1280 2335 fabula
1300 2288 1480 2336 Thebis

438 2357 606 2409 Infelix
629 2357 802 2421 juvenis
814 2395 828 2416 ‚
854 2360 1049 2405 materni
1074 2357 1228 2423 praeda
1253 2357 1436 2406 furoriS.

443 2427 547 2476 Plus
561 2442 715 2476 tamen
727 2426 806 2489 est,
821 2443 962 2492 quem
978 2441 1075 2475 non
1091 2426 1255 2492 populi
1268 2427 1428 2475 videre
1441 2439 1525 2476 ne'c
1537 2426 1672 2476 urbes

444 2498 672 2545 Inveniffe
691 2499 851 2545 Deum
866 2535 879 2557 ,
903 2510 1071 2561 totque
1087 2511 1254 2545 annum
1268 2495 1471 2545 millibus
1481 2501 1608 2544 annis

444 2566 673 2614 Reddere
688 2564 964 2631 sepositum,
985 2579 1186 2631 totoque
1204 2566 1424 2613 arcessere
1436 2565 1575 2613 coela

517 2637 616 2683 Stat
633 2639 802 2683 Meroe
816 2633 960 2700 longis
971 2653 1058 2699 qua
1068 2634 1455 2683 circumfunditur
1470 2635 1608 2682 undis

445 2702 673 2750 Accusata
697 2703 784 2750 tibi
802 2741 815 2756 ‚
834 2702 1051 2764 coeloque
1065 2705 1244 2750 intenta
1257 2703 1497 2764 Canobus,

444 2771 510 2816 Et
532 2766 692 2815 frustra
713 2764 882 2813 resono
897 2768 1055 2830 gavisae
1067 2772 1329 2815 Memnone
1342 2771 1534 2818 Thebae.

448 2840 546 2884 Stat
559 2834 744 2887 Mithrae
759 2852 871 2901 gens
883 2833 1003 2882 sacra
1017 2834 1124 2882 suo:
1150 2838 1451 2901 queriturque
1464 2850 1550 2886 'nec
1569 2841 1654 2887 aris

450 2909 555 2955 Nec
580 2919 654 2954 tot
674 2903 982 2968 cornipedum
999 2903 1115 2952 caesis
1131 2906 1351 2969 reperisse
1364 2906 1448 2953 sub
1463 2908 1584 2955 extis

451 2973 736 3039 Depositum
751 2971 832 3019 Sol
848 2990 1011 3038 magne
1026 2986 1180 3020 tuum:
1194 2974 1276 3021 stat
1289 2976 1472 3021 Graecia
1485 2988 1634 3025 mater

455 3043 788 3108 Temporaque
803 3041 1015 3106 Alpheus
1036 3040 1169 3089 Pisaea
1192 3042 1366 3090 vincius
1382 3042 1519 3105 oliva,

459 3109 760 3174 Vi&oresque
774 3111 904 3169 suos,
928 3113 975 3159 8<
997 3113 1178 3174 praemia
1195 3111 1332 3177 longa
1351 3111 1536 3164 suorum

459 3177 706 3226 Confess'us
717 3176 890 3225 debere
908 3177 1020 3239 tibi,
1040 3195 1156 3243 quos
1173 3197 1289 3227 caeca
1304 3181 1515 3228 vetustas*

460 3245 727 3294 Abstulerat
741 3243 945 3293 tenebris
959 3284 972 3307 ,
986 3260 1189 3312 totoque
1204 3262 1441 3297 exemerat
1453 3265 1567 3300 aevo.

465 3318 671 3376 Qanvis
695 3331 811 3363 vana
831 3313 914 3361 suis
936 3316 1109 3363 indixit
1128 3331 1342 3381 tempora
1362 3317 1492 3380 fastis,

463 3383 676 3432 Mendax
698 3384 812 3450 saepe
832 3381 908 3431 fibi
929 3403 939 3429 ι
963 3386 1154 3451 quanvis
1176 3381 1413 3450 annosque
1433 3386 1618 3453 diesque

467 3451 649 3518 Jupiter
675 3453 795 3501 Eleae
817 3453 1008 3519 decepit
1032 3454 1229 3520 pulvere
1252 3472 1432 3521 pugnae.

541 3527 657 3579 Quae
669 3539 788 3577 nox,
810 3523 840 3569 ὀ
860 3523 1038 3588 superi,
1061 3541 1245 3572 caecaeve
1256 3525 1431 3590 ignavia
1452 3526 1637 3585 mentis,

470 3589 699 3638 Haffiienus
711 3592 906 3639 obsessos
922 3592 1160 3641 hominum
1180 3592 1374 3660 caligine
1388 3593 1553 3651 sensus,

472 3658 696 3723 Involvit,
708 3674 953 3728 totumque
967 3667 1139 3729 genus?
1164 3677 1234 3711 tot
1248 3661 1376 3713 saecla
1399 3664 1602 3712 virorum

1281 3743 1435 3780 969⁶*ss
1467 3757 1496 3804 4

1880 3741 2096 3792 Illustres-
