2366 4040
648 253 971 321 JosEPfl·1
1045 257 1469 307 Scatroerm.

78 364 215 413 quam
234 343 411 410 putavit
432 340 517 388 effe
537 336 801 402 Hispaniam
820 356 831 385 t
859 339 906 386 &
931 351 1081 386 tamen
1102 341 1166 387 ita
1181 341 1453 389 vertendum
1471 354 1588 402 erat,
1605 359 1698 407 quo
1725 354 1935 408 tempore
1957 330 2047 395 tam

77 411 297 484 &ylssnffl'qe
313 408 399 467 0337*
414 405 566 477 Πόντῳ
587 413 764 462 bellum
777 432 880 462 cum
891 411 1158 462 Mithridate
1175 429 1411 482 gereretur
1423 454 1438 477 ,
1458 417 1576 467 duce
1591 419 1644 466 L.
1659 419 1861 467 Lucullo
1875 459 1888 482 ‚
1910 440 2046 486 quam

76 496 124 548 ἂν
137 490 305 561 Ιςηαᾳ,
317 502 354 546 in
368 492 586 558 Hispania,
600 510 705 540 cum
720 496 950 556 Perperna
963 529 977 552 ‚
993 489 1134 537 du&u
1155 491 1379 558 Pompeij.
1428 496 1547 553 Qis
1572 509 1664 544 tam
1683 496 1812 545 bono
1837 500 2046 565 ingenio,

73 587 233 635 quem,
248 567 279 613 fi
292 567 384 611 haec
399 564 762 626 Hieronymiana
776 560 868 608 sine
882 561 1054 608 Graecis
1070 558 1259 606 Eusebii
1271 561 1437 628 legerit
1449 602 1462 625 ‚
1486 564 1678 613 multum
1702 565 1796 614 falli
1820 585 1913 614 non
1937 585 2051 615 con-

73 641 236 702 tingat,
250 648 323 682 aut
337 632 494 680 saltem
507 632 736 697 ambigere
752 644 904 678 utrum
915 630 974 678 de
991 628 1143 678 Iberia
1153 626 1212 675 ad
1227 631 1420 679 Pontum
1433 669 1447 693 ‚
1469 651 1526 680 an
1547 633 1605 681 de
1622 633 1772 683 Iberia
1785 635 1843 682 ad
1860 636 2049 685 Iberum

69 713 242 762 flumen
255 708 528 773 accipienda
544 706 663 755 fint?
689 702 749 754 ὅΛι
766 703 921 771 φυλῆς
931 693 1072 758 Is'A‘a,
1090 724 1145 752 ex
1159 705 1277 770 stirpe
1294 706 1404 755 Iuda.
1445 711 1564 768 Quis
1580 711 1780 760 Tribum
1793 749 1806 773 ‚
1832 730 1928 760 non
1953 713 2050 760 stir-

69 804 173 855 pem
184 785 455 834 vertendum
467 782 600 832 fuisse
611 786 790 852 ignorat
810 788 827 830 ?
871 785 1055 830 Notum
1078 784 1158 844 qui
1183 779 1269 827 sint
1290 775 1633 849 λαμπρρταᾶι,
1655 787 1703 833 id
1724 786 1786 835 est
1810 787 2052 837 Clariffimi

66 861 112 906 in
128 855 257 919 jure,
282 857 330 904 8<
354 857 400 903 in
412 852 864 907 Constitutionibus,
884 849 1015 911 quod
1036 865 1210 893 nomen
1226 848 1480 920 dignitatis
1494 853 1822 904 usitatiffimum
1836 870 2050 922 ternpore

64 926 358 989 Hieronymi,
370 924 575 974 secundo
586 919 728 984 gradu
739 919 763 962 a
776 911 1111 980 Speaabilibus
1128 949 1143 971 ‚
1158 925 1298 960 tertlo
1315 913 1373 959 ab
1387 914 1648 965 Illustribus.
1682 923 1755 968 Ex
1779 926 2054 990 interpreta-

62 995 193 1043 tione
209 992 487 1057 Hieronymi
501 986 700 1033 multum
719 980 1141 1031 diffimulatumest.
1182 981 1331 1038 Quod
1352 981 1456 1031 sane
1477 986 1644 1033 mirum
1665 1024 1679 1047 ‚
1703 1006 1841 1053 quum
1857 1029 1870 1049 ‚
1894 1009 1945 1042 ut
1964 994 2055 1058 jam

63 1063 191 1123 dixi,
208 1074 445 1123 nunquam
460 1053 659 1102 usitatior
673 1052 1004 1102 Clariffimatus
1018 1087 1033 1112 2
1053 1048 1123 1116 ›th
1144 1047 1478 1123 λαμπρέτιθῶν
1497 1092 1513 1113 ,
1541 1054 1905 1106 Clariffimorum
1936 1098 1949 1122 ‚
1986 1063 2054 1128 ,μὶ

62 1126 396 1202 λαμπρρῦίτων
420 1130 681 1198 appellatio
694 1130 835 1179 fuerit
850 1146 1011 1197 ‚quam
1024 1127 1109 1176 illo
1125 1145 1240 1175 aevo.
1261 1124 1496 1184 Ξπογὶὶόιίων
1518 1130 1753 1189 Ελζςυο-ἷμια
1774 1134 1836 1182 est
1856 1138 2056 1187 initiatus

62 1210 303 1264 Eleusiniis
338 1209 496 1258 sacris.
558 1208 878 1274 Hieronymus
909 1205 1080 1269 invisens
1109 1204 1351 1271 Eleufinam.
1408 1209 1529 1255 Nam
1556 1196 1740 1274 putavit
1787 1201 2055 1270 Ελόὺσῖνια,

59 1284 108 1331 &
132 1281 358 1333 Ελώσῖνα,
382 1284 506 1332 idem
528 1281 630 1330 effe.
664 1282 806 1331 Unde
830 1281 1205 1346 Hieronymiana
1236 1293 1420 1329 vertens
1446 1284 1766 1349 Sophronias,
1789 1284 1836 1336 ἀν
1859 1280 2056 1338 Ελόὺσῗνὶ

58 1350 309 1430 wamy&
328 1352 535 1402 reddidit
558 1389 573 1412 ‚
598 1352 877 1416 Hieronymi
903 1351 1298 1414 interpretatione
1323 1349 1584 1418 deceptus.
1636 1357 1729 1403 Cui
1755 1355 2056 1420 simifflmum,

57 1441 188 1509 quod
218 1427 462 1488 θῆῑσκὸπε,
475 1425 568 1482 οἰντὶ
580 1430 639 1482 w}
650 1425 894 1483 ἄΞ-ιο-κοπίε
908 1426 1066 1492 legens
1088 1423 1216 1474 aliud
1230 1425 1416 1492 quidvis
1442 1430 1646 1491 extulit,
1670 1450 1807 1498 quam
1821 1437 1947 1500 quod
1962 1436 2060 1485 sen·

57 1512 209 1561 tentia
222 1508 437 1576 exigebat
459 1525 470 1552 :
501 1504 761 1554 &similiter
778 1522 873 1553 non
896 1501 1162 1570 intelligens
1183 1502 1328 1551 verba
1343 1504 1530 1553 Eusebii
1553 1507 1611 1556 de
1625 1508 1897 1573 Apollonio
1913 1549 1927 1573 ,
1955 1531 2061 1561 eum

59 1582 108 1629 &
122 1583 392 1629 Senatorem
403 1575 532 1624 urbis
548 1574 694 1634 suiffe,
708 1577 754 1624 &
769 1573 1118 1641 apologeticum
1133 1572 1319 1620 edidisse
1331 1590 1419 1639 pro
1431 1574 1701 1625 Christianis
1715 1578 1907 1645 scripsit,
1929 1584 1975 1632 &
1993 1584 2062 1629 in-

58 1662 128 1697 ter
141 1650 399 1714 Scriptores
413 1643 757 1693 Ecclefiasticos
772 1642 948 1693 retulit.
991 1644 1248 1690 Geminum
1262 1660 1314 1691 ac
1326 1661 1595 1711 germanum
1608 1646 1743 1707 illud,
1755 1651 1883 1713 quod
1897 1653 2062 1700 Graeca

57 1725 240 1775 Eusebii
270 1744 365 1775 non
389 1724 609 1772 affecutus
636 1720 891 1770 Eusebium
911 1718 1268 1769 Chronicorum
1288 1718 1473 1770 suorum
1501 1713 1730 1785 ἅῆῑῖὃμῖιῦ
1750 1726 2063 1794 conscripfiffe

58 1795 304 1844 arbitratus
323 1795 400 1842 est.
449 1791 582 1840 Illud
599 1793 818 1859 imprimis
831 1807 985 1856 neque
997 1788 1102 1837 satis
1117 1790 1272 1838 mirari
1291 1789 1525 1857 poffumus
1536 1830 1552 1852 ,
1569 1811 1725 1858 neque
1740 1795 1866 1843 unde
1880 1797 2061 1856 accidit,

57 1872 362 1934 comminisci,
376 1868 504 1937 quod
517 1887 661 1934 quum
675 1866 901 1917 Eusebius
916 1865 1219 1935 posteriorem
1237 1866 1408 1917 librum
1423 1867 1556 1918 suum
1574 1860 1753 1918 Koovo‘vot
1770 1872 2063 1938 inscripserit,

58 1946 152 2010 ipse
168 1967 321 2009 neque
336 1948 426 1992 hoc
443 1947 659 2001 advertit,
674 1948 719 1993 &
732 1945 847 2003 quid
863 1946 972 1992 esset
984 1936 1143 1989 Κανῶν
1157 1976 1172 2000 ,
1191 1961 1288 1990 non
1302 1945 1530 1992 assecutus
1547 1946 1612 1994 est
1625 1983 1641 2004 ,
1655 1965 1796 2010 quum
1811 1947 2063 2009 aliquando

58 2027 207 2058 vertat
216 2011 525 2072 ficpputationem
537 2041 551 2062 ,
574 2003 822 2063 aliquando
841 2009 1025 2064 curiosum
1043 2006 1221 2049 orcfinem.
1264 2008 1520 2067 Itaqueilla
1534 2013 1674 2057 verba
1688 2013 1892 2081 Eusebii,
1907 2033 2067 2063 nume-

60 2106 113 2136 ro
134 2083 417 2139 ffi-CCCOEV’
438 2073 530 2126 πῶς
551 2067 842 2137 σαυέῶρριμον
856 2068 1053 2139 οῑρίςόνοι
1081 2066 1218 2133 ιίξῖπὲν
1249 2070 1535 2139 πϋκείμῖμον
1567 2074 1745 2130 Kowo‘voe
1762 2115 1775 2136 ,
1813 2089 1877 2132 ita
1904 2092 2063 2151 vertit,

58 2159 238 2232 quomodo
254 2157 305 2205 ad
312 2174 423 2204 unum
433 2169 580 2220 tempus
592 2168 745 2220 uterque
756 2156 974 2201 conveniret
998 2171 1010 2199 ε
1034 2151 1147 2219 quia
1165 2150 1287 2216 quid
1311 2150 1365 2199 sit
1388 2148 1538 2200 Κοωῶν
1560 2174 1651 2205 non
1678 2160 1942 2225 intellexit,
1968 2183 2064 2214 non

59 2240 219 2305 magis,
232 2251 373 2301 quam
388 2231 457 2279 illi
474 2232 601 2279 libro
614 2248 786 2279 nomen
799 2221 976 2278 Kowo‘vot
987 2228 1116 2279 fuiffe
1130 2229 1475 2280 animadvertit.
1493 2234 1786 2286 Vertendum
1802 2242 1924 2288 enim
1941 2257 2060 2306 erat,

62 2303 453 2376 quomodoftcundum
469 2304 568 2351 hunc
588 2299 765 2356 canonem
788 2314 964 2366 tempora
985 2295 1278 2348 concurrerunt.
1332 2301 1405 2348 De
1431 2302 1601 2351 Trierc
1625 2308 1887 2366 Aminoclis
1913 2311 2063 2362 aliena

63 2373 443 2443 Prorsusamente
455 2370 640 2419 Eusebii
655 2371 885 2437 expreffit,
901 2370 1095 2419 historiae
1111 2368 1402 2435 ignoratione
1418 2408 1432 2431 ‚
1455 2386 1534 2420 aut
1554 2374 1807 2425 oblivione.
1849 2379 2061 2447 Longam

62 2445 323 2512 pericopen
338 2441 397 2488 de
410 2440 645 2489 laxatione
658 2442 943 2508 captivitatis
956 2479 971 2504 ,
992 2442 1104 2488 item
1123 2439 1182 2486 de
1202 2438 1445 2489 Nehemiae
1465 2442 1511 2489 in
1536 2441 1742 2509 Judaeam
1769 2447 2059 2511 profectione

65 2531 191 2572 nunc
205 2512 480 2579 corripiens,
493 2529 616 2559 nunc
633 2510 789 2559 laxans
803 2549 818 2573 ,
830 2526 909 2560 aut
920 2510 1137 2559 licentius
1148 2521 1362 2571 vertens,
1381 2512 1535 2558 omnia
1549 2516 1712 2561 mentis
1728 2515 1913 2565 Eusebii
1928 2520 2058 2566 vesti-

64 2586 137 2651 gia
152 2581 344 2643 delevit,
362 2583 410 2628 in
427 2599 515 2646 qua
530 2580 749 2646 periocha
760 2600 854 2629 non
866 2580 935 2628 illi
950 2580 1068 2629 vitio
1081 2577 1353 2627 vertendum
1368 2577 1436 2626 est
1447 2617 1462 2640 ‚
1491 2583 1624 2646 quod
1641 2583 1794 2632 Esdrae
1807 2587 2062 2651 profeffio-

64 2662 229 2708 nemin
244 2657 583 2706 Palaestinamin
605 2660 681 2706 ἯῘ
706 2675 876 2705 annum
892 2657 1169 2705 Artaxerxis
1190 2642 1578 2724 ἔμακξᾷχειρῶ)
1607 2658 1888 2722 conjecerit,
1916 2681 2059 2728 quum

65 2727 317 2776 Eusebium
332 2728 566 2791 sequatur,
583 2725 662 2788 qui
677 2739 734 2769 ne
746 2721 841 2787 ipse
853 2724 1042 2787 quidem
1053 2723 1173 2771 solus
1185 2725 1232 2770 in
1243 2741 1296 2771 ea
1309 2724 1448 2789 culpa
1467 2726 1521 2773 fit
1538 2764 1551 2788 ,
1566 2727 1696 2791 quod
1708 2746 1801 2775 non
1818 2729 1966 2776 solum
1980 2748 2057 2780 ve-

66 2809 204 2856 teres,
220 2797 300 2843 sed
313 2798 358 2844 8<
371 2794 657 2843 recentiores
669 2791 792 2840 idem
804 2791 1036 2839 senserunt
1047 2827 1061 2850 ,
1084 2793 1131 2838 8<
1149 2808 1232 2836 nos
1245 2794 1291 2837 in
1304 2791 1398 2837 illis
1409 2793 1655 2858 aliquando
1669 2814 1837 2845 nomen
1852 2799 2057 2850 nostrum

68 2864 252 2930 professi
267 2864 426 2911 sumus.
449 2862 527 2911 sed
540 2860 742 2910 cumillis
756 2858 937 2910 strenue
956 2858 1249 2907 fallebamur.
1289 2860 1409 2906 Nam
1430 2861 1508 2909 ille
1531 2867 1813 2913 Artaxerxes
1837 2868 1958 2931 apud
1976 2870 2055 2915 Es-

70 2942 195 2990 dram
217 2941 429 3006 cap.V1‘1‚
457 2939 521 2987 est
545 2929 780 2999 ὄμνῆμων,
802 2955 899 2985 non
928 2949 1079 2985 autem
1098 2921 1409 3001 ὅμακξέχειξ.
1441 2938 1570 3004 quod
1595 2941 1641 2988 &
1668 2941 1952 2989 antecedens
1977 2961 2056 2991 ca-

70 3023 174 3076 put,
190 3010 321 3076 quod
334 3024 486 3057 totum
499 3008 563 3057 est
574 3007 632 3055 de
644 3009 793 3056 Dario
803 3003 985 3068 Notho>
1000 3006 1105 3054 satis
1116 3003 1304 3071 probat,
1319 3005 1617 3073 &sequentia
1631 3010 1799 3068 omnia,
1813 3014 1856 3056 δι
1869 3029 1962 3076 cap.
1979 3010 2050 3062 Ιῖξ.

73 3097 179 3127 cum
192 3097 290 3145 cap.
300 3079 372 3129 Ϊῖζ.
389 3077 625 3126 Nehemiae
637 3089 963 3142 comparatum.
1003 3078 1214 3123 Caveant
1226 3074 1369 3140 igitur
1381 3073 1567 3123 studiosi
1580 3076 1916 3142 Chronologiae
1931 3081 2053 3130 hunc

73 3151 389 3196 Artaxerxem
404 3147 543 3193 alium
556 3146 578 3190 ὲ
590 3146 847 3192 Mnemone
862 3158 1035 3208 putare.
1077 3143 1223 3206 Cujus
1245 3146 1311 3190 rei
1329 3147 1542 3209 cognitio
1567 3159 1618 3193 ut
1631 3144 1956 3212 elegantiffima
1969 3150 2049 3212 est,

74 3217 135 3262 ita
146 3227 299 3262 totum
321 3213 491 3262 librum
510 3214 659 3261 Esdrae
691 3214 738 3260 ὃς
770 3212 1007 3261 Nehemiae
1028 3212 1051 3259 a
1075 3211 1319 3275 tyrannide
1339 3211 1696 3262 semidoetorum
1720 3217 2053 3285 Chronologo-

76 3299 178 3329 rum
198 3282 400 3330 vindicat
419 3320 433 3344 ‚
472 3285 550 3347 qui
567 3297 633 3330 ‘ex
655 3281 768 3329 odio
790 3281 1113 3329 humaniorum
1134 3280 1369 3328 literarum
1391 3282 1692 3331 voluntariam
1712 3284 1896 3333 historiae
1914 3288 2049 3337 sacrae

64 3353 415 3418 ,ignorationem
426 3350 855 3399 fibiconsciverunt.
893 3351 974 3398 De
985 3351 1199 3406 Trireme
1222 3349 1373 3416 Scylla
1395 3355 1536 3400 totius
1557 3355 1801 3419 pericopes
1819 3355 2049 3405 historiam

76 3419 600 3484 prorsusinterpolavit‚
617 3420 760 3485 idque
772 3422 902 3468 unius
917 3418 1136 3479 literulae,
1156 3418 1229 3467 vel
1255 3420 1410 3484 potius
1438 3423 1599 3470 Dativi
1624 3424 1668 3469 in
1692 3426 2048 3472 Nominativum

79 3499 353 3544 mutatione,
393 3498 513 3543 Nam
526 3486 677 3559 ταῆξη
700 3496 815 3562 legit
828 3534 840 3556 ‚
855 3495 983 3561 quod
998 3494 1220 3544 Eusebius
1235 3486 1388 3559 7·αῆξᾶ
1404 3494 1653 3562 scripserat.
1676 3500 1749 3546 cui
1763 3498 1911 3547 fimilis
1924 3515 2048 3546 error

79 3564 126 3609 in
143 3564 325 3613 historia
335 3565 621 3628 Triptolemi
639 3566 895 3614 commissus
911 3563 992 3626 est,
1007 3564 1087 3613 ubi
1102 3566 1268 3612 Graeca
1279 3564 1418 3632 longe
1433 3566 1565 3613 aliter
1578 3569 1737 3628 vertit,
1754 3586 1806 3615 ac
1821 3568 2046 3614 sententia

79 3632 293 3696 postulat.
342 3633 431 3681 Sed
456 3637 503 3683 &
531 3651 626 3685 non
650 3652 798 3702 pauca
820 3637 865 3684 in
887 3634 978 3700 ipsa
1001 3633 1183 3741 histmiss
1201 3632 1432 3740 dssessinquit
1452 3673 1466 3696 ,
1500 3647 1552 3682 ut
1580 3634 1639 3682 de
1659 3636 1835 3685 Thebis
1853 3636 2046 3749 AEgypti

1327 3721 1352 3769 3
1854 3720 1877 3748 a
1921 3721 2041 3751 ,orn.
