2366 4040
354 228 1013 288 CHRONICORUM
1051 230 1298 275 LIBER
1336 217 1836 274 PosTERIOR.
2097 229 2172 283 1830

259 349 391 388 Roaae
425 341 431 396 l
490 347 629 384 Dona
1002 332 1042 372 (3
1103 331 1146 372 C)
1203 331 1248 372 bl
1306 330 1332 372 S
1392 328 1439 370 Ι]
1494 331 1529 371 1,
1587 328 1633 369 [J
1694 330 1754 370 hm

238 445 333 480 XXI.
435 435 629 484 lCCC'LIX.

244 529 481 576 Constantio
493 517 672 568 Romam
683 521 854 580 i'n'gress‘o
862 549 874 569 ‚
894 520 974 562 offi
986 520 1159 564 Andreae
1171 519 1353 574 Apostoli
1366 539 1375 567 ·,
1397 523 1435 560 &
1452 519 1573 561 Lucae
1584 518 1845 576 Euangelistae
1856 520 1877 560 a
1889 517 2176 562 Constantino„

302 586 484 646 politanis
497 585 597 623 miro
613 581 749 622 favore
760 578 947 633 suscepta.
1610 632 1613 634 q

244 641 487 691 Nicomedia
498 652 606 680 terrae
619 650 732 678 motu
743 636 926 676 funditus
934 635 1079 681 eversa,
1089 633 1229 675 vicinis
1240 633 1403 674 urbibus
1412 648 1462 676 ex
1471 644 1581 690 parte
1593 635 1756 676 vexatis.

244 703 428 747 Paulinus
438 697 700 739 Trevirorum
714 692 931 748 Episcopus
939 694 981 733 in
990 693 1161 747 Phrygia
1172 691 1334 731 exulans
1345 693 1524 732 moritur.

243 799 356 834 XXII.
446 793 632 831 [CCCLX.
796 790 837 830 G
850 790 894 830 R
906 791 944 831 A
954 788 995 830 T
1004 791 1025 830 I
1039 791 1077 830 A
1089 790 1132 831 N
1143 788 1182 831 V
1192 789 1217 829 S
1231 821 1240 836 ,
1265 790 1450 842 quinunc
1460 789 1683 843 Imperator
1691 790 1760 837 est,
1771 789 1950 833 nascitur.

244 884 467 934 Euanthius
478 888 758 931 eruditissimus
769 886 1138 928 Grammaticorum
1148 881 1739 938 Constantinopolidiemobiit
1755 904 1763 927 :
1785 888 1828 928 in
1851 889 1963 942 cujus
1981 886 2118 928 locum
2137 897 2187 926 ex

306 949 446 990 Africa
458 948 649 988 Chrestus
661 945 889 986 adducitur.

251 1005 440 1062 Synodus
455 1004 562 1060 apud
576 1003 807 1045 Ariminum
818 1005 856 1041 &
866 998 1088 1040 Seleuciam
1100 997 1251 1038 Isauriae
1263 996 1364 1037 faita
1387 1013 1395 1037 z
1413 998 1454 1038 in
1463 1011 1542 1052 qua
1552 999 1719 1053 antiqua
1728 996 1892 1041 Parrum
1910 1000 2009 1042 fides
2018 1035 2027 1049 ‚
2050 1000 2199 1042 decem

306 1065 480 1118 primum
493 1062 728 1116 legatorum,
742 1057 890 1098 dehinc
902 1056 1087 1096 omnium
1100 1054 1334 1109 proditione
1345 1054 1535 1095 damnata
1544 1055 1610 1096 est.

251 1121 486 1163 Honoratus
494 1115 748 1171 ewaraefeEbo
759 1113 936 1156 Praetorii
946 1111 1166 1152 Galliarum
1178 1112 1329 1166 primus
1340 1112 1697 1167 Constantinopoli
1707 1113 1913 1168 praefestus
1921 1113 2042 1157 Vrbis
2054 1113 2188 1154 fastus,

252 1213 376 1254 xxni
453 1213 650 1258 mchxr

253 1301 451 1370 Hilarius,-
471 1295 599 1360 quum
619 1302 727 1359 apud
748 1299 1148 1357 Constantinopolim
1165 1299 1312 1341 libru'm
1330 1299 1411 1356 ips'e
1432 1301 1673 1343 Constantio
1701 1303 1932 1358 porrexisset
1942 1336 1952 1351 ,
1976 1303 2028 1345 ad
2056 1302 2206 1345 Gallias

253 1363 1069 1471 Missfflilfifiiusconstantinpponpuumr.
1404 1463 1409 1468 ,
1560 1464 1562 1467 .

256 1475 415 1520 Omnes
427 1479 517 1518 'toto
528 1475 625 1516 o'rbe
643 1480 748 1530 pene
767 1473 951 1515 Ecclefiae
971 1473 1040 1514 sub
1054 1473 1220 1514 nomine
1230 1473 1339 1528 pacis
1348 1476 1386 1513 δε
1397 1471 1526 1529 Regis
1537 1471 2013 1520 Atrianorumconsorti‘o
2027 1474 2210 1530 polluun=

261 1547 616 1645 Cdiisfantinopoli
627 1577 888 1629 Ecclefiarum
900 1586 1072 1629 maxima
1083 1584 1304 1628 dedicatur.

264 1650 455 1691 Meletius
467 1647 647 1688 Sebastiae
658 1647 944 1694 Armeniorum
955 1645 1173 1700 Episcopus
1184 1645 1234 1685 ab
1246 1644 1414 1691 Acacio,
1425 1647 1463 1684 δε
1474 1644 1657 1702 Georgio
1669 1647 1847 1688 Arrianis
1858 1642 2062 1703 Episcopis
2072 1645 2218 1686 Antio=

321 1707 451 1747 chiam
465 1703 698 1745 transfertur
711 1719 718 1743 ε
733 1707 770 1742 &
781 1703 874 1757 post
884 1717 967 1743 non
979 1703 1129 1758 grande
1140 1703 1332 1757 temporis
1340 1701 1595 1744 intervallum
1607 1731 1619 1750 ‚
1640 1717 1767 1757 quum
1786 1703 2044 1760 Presbyteros
2055 1731 2066 1750 ‚
2085 1703 2154 1756 qui
2166 1702 2216 1742 ab

322 1764 511 1804 Eudoxio
522 1759 760 1801 antecessore
772 1760 842 1799 suo
854 1759 1025 1814 depositi
1035 1759 1210 1806 fuerant,
1225 1757 1445 1814 suscepisset
1455 1791 1464 1805 ‚
1486 1760 1595 1800 exilii
1599 1760 1843 1814 justiffimam
1857 1761 2024 1803 caussam
2037 1760 2164 1803 subita
2174 1758 2216 1798 fi-

327 1822 394 1861 dei
405 1819 683 1859 demutatione
695 1815 849 1856 delusit.
1954 1854 1957 1857 ,
2061 1829 2069 1836 ·

271 1876 401 1917 Galha
412 1889 481 1930 per
493 1874 695 1915 Hilarium
710 1871 972 1913 Arminienfis
982 1871 1154 1926 perfidiae
1166 1871 1285 1913 dolos
1295 1872 1472 1914 damnat„

28 2006 30 2067 W
79 1997 259 2021 ‹mccxxxxv
274 1978 405 2023 XXIV.
479 1982 686 2019 CCCXLII.
806 1981 1069 2025 Constantius
1079 1972 1366 2077 .M⁰P{f’crenis
1377 1981 1482 2022 inter
1494 1968 1683 2022 Ciliciam
1695 1980 2087 2037 Cappadociamque
2099 1980 2220 2021 mori=

860 2051 933 2086 tur,
946 2052 1054 2078 anno
1064 2047 1188 2078 aetatis
1217 2052 1273 2078 uae
1290 2042 1367 2079 xiv.
2254 2045 2258 2049 “

29 2070 31 2131 i
114 2093 118 2096 ’
265 2085 290 2140 J
296 2085 333 2126 V
341 2085 375 2125 L
386 2084 406 2124 Ῑ
416 2083 471 2124 Α·
800 2097 1085 2137 Romanorum
1116 2093 1334 2136 tricesimus
1355 2094 1487 2137 sextus
1507 2097 1689 2152 regnavit
1698 2095 1988 2151 JVLIANVS
2008 2109 2116 2137 anno
2124 2105 2224 2142 uno,

31 2154 32 2195 l
309 2142 353 2184 N
359 2141 437 2182 VS.
859 2150 1057 2193 mensibus
1069 2149 1174 2192 οᾶο.
1365 2170 1368 2172 v

32 2216 33 2256 l
276 2240 301 2274 r
475 2234 703 2281 §CCLXHL

272 2328 433 2383 Juliano
444 2325 494 2366 ad
507 2324 708 2366 idolorum
721 2323 876 2365 cultum
887 2323 1093 2370 converso,
1106 2322 1253 2364 blanda
1265 2323 1491 2379 persecutio
1504 2322 1583 2364 fuit
1594 2323 1762 2365 illiciens
1771 2322 1897 2381 magis
1907 2352 1918 2372 ,
1939 2333 2061 2380 quam
2083 2322 2226 2378 impel⁶

334 2385 419 2424 lens
429 2383 479 2423 ad
491 2381 786 2422 sacrificandum
801 2382 862 2421 :in
875 2395 952 2434 qua
966 2382 1082 2422 multi
1094 2395 1144 2422 ex
1155 2381 1293 2421 nostris
1304 2381 1516 2422 voluntate
1525 2384 1684 2436 propria
1694 2385 1943 2423 corrueruntj

281 2441 459 2495 Georgio
471 2452 541 2494 per
555 2436 796 2490 seditionem
810 2437 948 2493 populi
959 2437 1133 2485 incenso,
1145 2439 1216 2492 qui
1226 2438 1268 2478 in
1280 2438 1373 2478 loco
1388 2438 1595 2479 Athanasii
1606 2438 1655 2479 ab
1670 2439 1846 2480 Arrianis
1869 2439 1998 2480 fuerat
2008 2437 2227 2483 ordinatus,

339 2496 575 2538 Athanafius
589 2494 873 2536 Alexandriam
887 2494 1018 2535 rediit.
1537 2530 1539 2532 ,

283 2554 474 2595 Eusebius
487 2557 522 2593 &
534 2552 697 2593 Lucifer
708 2551 758 2591 de
769 2550 890 2591 exilio
898 2563 1153 2592 revertuntur
1166 2568 1172 2592 :
1188 2552 1209 2591 ὲ
1220 2551 1366 2605 quibus
1377 2551 1540 2593 Lucifer
1550 2553 1710 2594 adscitis
1722 2550 1806 2593 aliis
1817 2553 1976 2594 duobus
1989 2550 2232 2593 Confessori-

339 2610 421 2658 bus,
433 2608 853 2653 PaulinumEustathii
865 2607 1054 2662 Episcopi
1065 2608 1345 2662 Presbyterum
1359 2642 1367 2655 ,
1388 2610 1458 2661 qui
1477 2609 1514 2650 se
1535 2623 1743 2664 nunquam
1758 2607 2033 2650 haereticorum
2046 2621 2230 2648 commu-

337 2669 458 2707 nione
470 2666 676 2720 polluerat,
693 2664 733 2704 in
747 2678 856 2717 parte
870 2664 1084 2704 Catholica
1099 2665 1328 2704 Antiochiae
1337 2665 1581 2719 Episcopum
1594 2667 1698 2720 facit.

279 2723 507 2765 Proaeressus
520 2721 702 2775 Sophista
716 2720 984 2767 Atheniensis,
996 2721 1085 2774 lege
1097 2720 1202 2768 data,
1218 2735 1267 2760 ne
1281 2720 1495 2761 Christiani
1505 2723 1726 2763 liberalium
1740 2723 1884 2762 artium
1899 2721 2083 2763 dostores
2092 2720 2228 2767 essent,

343 2785 380 2820 &
393 2780 461 2819 fibi
471 2777 874 2833 specialiterJulianus
885 2775 1138 2823 concederet,
1153 2789 1197 2816 ut
1210 2776 1455 2817 Christianos
1464 2779 1643 2826 doceret,
1654 2779 1828 2820 scholam
1840 2779 1982 2834 sponte
1995 2778 2178 2820 deseruit.

287 2836 525 2876 AEmilianus
536 2836 589 2875 ob
601 2847 754 2875 ararum
763 2832 1054 2874 subversionem
1070 2833 1276 2874 Dorostori
1285 2835 1305 2874 21
1315 2835 1463 2876 vicario
1472 2837 1711 2877 incenditur„

286 2933 328 2966 Π.
493 2931 721 2965 CCCLXIV.

290 3019 464 3062 Ecclefia
474 3018 649 3059 secundo
660 3016 887 3060 Antiochiae
896 3019 1022 3061 clausa
1034 3048 1044 3068 ‚
1056 3022 1093 3061 &
1106 3019 1323 3076 gravissima
1334 3021 1583 3063 imminentis
1591 3023 1876 3078 persecutionis
1887 3024 2058 3079 procella
2067 3025 2149 3065 Dei
2157 3039 2227 3064 vo⁸

348 3077 500 3117 luntatc
511 3076 634 3130 sopita
643 3076 708 3116 est.
739 3077 849 3116 Nam
861 3078 1035 3116 Iulianus
1046 3079 1086 3117 in
1096 3078 1226 3117 Persas
1235 3079 1433 3131 profestus
1445 3080 1620 3120 nostrum
1640 3081 1726 3135 post
1744 3082 1948 3122 v'iCtoriam
1969 3083 2058 3122 Diis
2076 3083 2228 3138 langui-

348 3147 443 3174 nem
455 3146 635 3173 voverat:
656 3132 724 3171 ubi
735 3134 755 3172 εὶ
766 3133 944 3186 quodam
957 3133 1137 3173 simulato
1148 3134 1312 3189 perfuga
1321 3135 1370 3174 ad
1383 3135 1534 3175 deserta
1545 3137 1755 3191 perduCffls
1765 3165 1775 3183 ‚
1790 3152 1916 3192 quum
1928 3138 2033 3179 farne
2045 3144 2081 3178 ὃ(
2096 3138 2154 3178 fiti
2174 3141 2230 3179 A·

348 3190 500 3245 postata
509 3188 738 3244 perdidisset
750 3190 982 3235 exercitum,
999 3190 1302 3231 &inconsultius
1313 3193 1334 3232 a
1343 3191 1500 3231 suorum
1513 3206 1656 3235 erraret
1666 3195 1892 3250 agminibus
1901 3229 1909 3243 ‚
1925 3197 1974 3236 ab
1987 3196 2113 3236 obvio
2125 3195 2229 3236 forte

350 3247 520 3287 hostium
531 3247 667 3300 equite
679 3258 802 3287 conto
814 3245 879 3286 ilia
890 3245 1077 3301 perfossus
1088 3247 1250 3295 interiit,
1265 3262 1371 3288 anno
1383 3251 1504 3290 aetatis
1521 3255 1599 3291 5(ῐεί
1608 3273 1630 3292 1.

295 3341 315 3382 1
325 3338 499 3383 ΟΧῘΙΑ-ί
766 3341 1047 3382 Romanorum
1060 3342 1275 3384 tricefimus
1286 3342 1475 3398 septimus
1484 3348 1663 3401 regnavit
1677 3347 1967 3392 IOVIANVS
1990 3347 2109 3389 mens.
2122 3347 2226 3388 osta

330 3400 372 3440 N
379 3397 456 3438 VS.
765 3398 952 3438 Iovianus
963 3413 1011 3439 ex
1024 3401 1251 3453 primicerio
1264 3401 1585 3443 Domesticorum
1597 3406 1820 3459 Imperator
1832 3406 1953 3447 faetus
1963 3406 2027 3446 est.

492 3496 495 3507 ⁸
764 3456 954 3496 Iovianus
966 3467 1092 3496 rerum
1113 3456 1340 3497 necessitate
1359 3460 1584 3513 compulsus
1603 3461 1762 3502 Nilibin
1776 3468 1812 3502 δε
1832 3475 2021 3518 magnam
2041 3460 2227 3515 Mesopo-

110 3521 275 3558 umtctxxj
292 3513 316 3548 J.
492 3511 694 3545 CCCLXV
819 3513 1000 3566 patamiae
1010 3525 1164 3568 partem
1175 3514 1313 3568 Sapori
1321 3515 1521 3557 Persarum
1536 3518 1642 3573 Regi
1655 3518 1829 3559 tradidit„

1282 3594 1375 3649 CL3
2109 3603 2223 3653 Roas
