2366 4040
350 293 400 343 48
768 285 1831 329 EUSEBIIPAMPHILI

408 358 573 400 xandria
582 372 674 399 cum
687 361 799 399 omni
811 359 994 414 AEgypto
1006 372 1076 413 per
1085 355 1314 396 Achilleum
1327 355 1473 398 ducem
1485 358 1506 397 a
1518 356 1705 397 Romana
1715 359 1911 412 potestate
1924 357 2139 400 desciscens
2149 361 2293 401 oc‘tavo

409 416 628 457 obsidionis
640 415 771 456 mense
781 418 801 456 a
811 409 1067 456 Diocletiano
1077 423 1194 466 capta
1206 412 1273 452 est.
1303 413 1444 467 Itaque
1455 414 1615 469 plurimi
1626 428 1696 468 per
1713 427 1841 455 totam
1860 415 2088 470 AEgyptum
2108 418 2293 472 gravibus

407 473 758 528 proscriptionibus
771 472 975 525 exiliisque
987 469 1139 515 vexati,
1163 469 1377 511 interfeffis
1396 471 1476 517 his,
1496 471 1566 523 qui
1583 471 1762 511 au&ores
1773 472 2055 526 perduellionis
2065 474 2292 514 extiterant.

406 530 500 571 Post
518 530 660 570 decem
676 543 802 569 annos
813 543 883 583 per
901 524 1233 579 Asclepiodotum
1251 526 1477 581 praefe&um
1490 528 1672 582 praetorio
1684 529 1894 568 Britanniae
1904 541 2082 583 receptae.
2115 531 2295 570 Galerius

407 587 684 627 Maximianus
696 586 874 640 superato
887 581 1055 627 Narseo,
1071 586 1108 622 ὃς
1119 583 1303 624 uxoribus
1315 599 1359 624 ac
1373 584 1516 631 liberiS,
1530 584 1802 639 sororibusque
1815 586 1897 639 ejus
1908 588 2033 640 captis
2044 588 2064 626 a
2077 586 2293 627 Diocletia-

407 657 462 683 no
471 644 628 700 ingenti
638 644 791 683 honore
809 638 1021 691 suscipitur.
1053 639 1327 681 Diocletianus
1347 645 1384 681 ὃς
1404 642 1678 682 Maximianus
1697 643 1868 698 Augusti
1889 643 2031 698 infigni
2052 658 2201 698 pompa
2213 643 2296 683 Ro-

406 714 480 740 mae
490 701 784 754 triumpharunt
795 723 806 740 ,
827 694 1162 736 antecedentibus
1172 710 1329 735 currum
1341 712 1480 737 eorum
1491 699 1631 739 Narsei
1644 700 1817 754 conjuge
1830 733 1839 746 ,
1860 699 2057 740 sororibus
2066 728 2078 746 ‚
2089 701 2221 740 liberis
2231 733 2240 745 ‚
2259 704 2297 740 8<

406 758 520 796 omni
533 755 661 810 praeda
669 780 681 798 ‚
691 766 767 805 qua
776 751 943 791 Parthos
954 751 1226 806 spoliaverant.
1259 752 1434 791 Decimo
1447 767 1558 798 nono
1570 771 1675 795 anno
1686 757 1929 797 Diocletiani
1942 791 1951 804 ,
1975 756 2110 798 mense
2123 759 2173 797 M
2183 759 2299 804 arrio,

407 814 450 852 in
461 814 601 852 diebus
613 808 777 854 Paschae,
789 807 971 848 Ecclefiae
981 809 1167 849 subversae
1177 808 1277 848 sunt.
1310 808 1516 849 Vicesimo*
1523 821 1658 850 autem
1669 827 1787 860 anno,
1800 814 1870 867 qui
1879 825 1961 854 erat
1973 814 2167 855 secundus
2176 815 2298 869 perse-

407 869 591 912 cutionis>
605 865 884 905 Diocletianus
892 866 937 905 N
940 865 1163 912 icomediae,
1173 865 1446 905 Maximianus
1456 864 1683 905 Mediolani
1694 881 1907 921 purpuram
1920 870 2200 924 deposuerunt.

349 926 583 965 GALERIUS
594 922 810 963 tricesimus
818 922 1263 974 quartusRomanorum
1274 923 1490 976 imperator
1499 923 1681 977 regnavit
1689 923 1789 963 solus
1796 925 1971 966 biennio.
1983 928 2026 967 H
2030 928 2064 967 ic
2077 942 2168 968 cum
2181 929 2298 969 CON-

408 997 426 1021 s
434 995 522 1021 TAN
529 994 602 1020 T10
614 979 795 1035 regnavit
804 992 893 1017 ann.
904 992 990 1018 XVI.
1003 980 1073 1032 qui
1082 978 1356 1019 sextodecimo
1365 979 1523 1033 imperii
1534 993 1640 1018 anno
1651 979 1754 1019 obiit
1765 980 1807 1019 in
1819 981 2020 1022 Britannia
2030 984 2212 1025 Eboraci.

351 1039 715 1079 CONSTANTINUS
731 1035 1012 1075 Romanorum
1024 1035 1241 1075 tricesimus
1252 1037 1413 1089 quintus
1430 1037 1649 1089 imperator
1668 1037 1850 1092 regnavit
1872 1052 1998 1077 annos
2016 1054 2108 1079 xxx.
2127 1042 2248 1081 mens.
2261 1058 2299 1082 x.

407 1095 491 1135 Hic
503 1092 731 1134 Constantii
742 1091 843 1131 filius
853 1104 901 1130 ex
910 1105 984 1131 con
992 1106 1038 1131 cu
1046 1091 1138 1131 bina
1149 1091 1307 1132 Helena
1318 1104 1546 1146 procreatus
1557 1106 1724 1147 regnum
1737 1094 2053 1147 invadit‚quart0
2064 1096 2302 1150 persecutio-

406 1152 469 1191 nis
480 1165 585 1191 anno
597 1162 761 1205 regnare
771 1147 887 1187 orsus.
920 1147 988 1188 Ab
1002 1148 1078 1188 hoc
1091 1149 1326 1189 Maxentius
1347 1149 1460 1202 quta
1471 1160 1641 1202 pontem
1652 1149 1859 1190 Mulvium
1878 1151 2077 1205 superatus
2092 1154 2301 1194 occiditur.

408 1208 610 1262 Crispum,
623 1211 659 1245 ὃ(
669 1204 981 1245 Constantinum
994 1204 1108 1251 filios,
1122 1210 1160 1245 ὃς
1169 1206 1373 1246 Licinium
1385 1203 1681 1245 adolescentem
1693 1206 1842 1246 Licinii
1871 1209 2041 1263 Augusti
2053 1209 2177 1249 filium
2191 1212 2302 1251 Con-

409 1264 567 1303 stantini
589 1277 637 1302 ex
655 1261 785 1301 sorore
807 1273 1000 1315 nepotem
1023 1261 1192 1302 Caesares
1203 1262 1386 1316 appellat.
1419 1263 1568 1301 Pacem
1581 1263 1719 1302 nostris
1730 1263 1877 1303 reddit.
1910 1265 1970 1304 Eo
1984 1276 2167 1320 tempore
2181 1269 2304 1308 Arius

404 1320 617 1375 Presbyter
636 1318 688 1359 de
708 1318 882 1358 Ecclesia
899 1318 1076 1371 dejestus
1097 1314 1245 1358 multos
1255 1320 1328 1359 suae
1339 1319 1538 1374 impietati
1548 1318 1679 1358 sociat.
1714 1321 1783 1360 Ad
1795 1335 1965 1373 quorum
1978 1323 2185 1375 perfidiam
2196 1339 2302 1364 coar-

405 1377 610 1432 guendam
624 1375 811 1431 Synodus
830 1390 1024 1416 cccxvnr
1046 1375 1334 1430 Episcoporum
1354 1376 1397 1416 in
1419 1377 1463 1416 N
1466 1376 1599 1415 icaeam
1621 1376 1762 1415 urbem
1784 1376 1980 1431 Bithynice
1997 1393 2239 1436 congregata
2258 1396 2301 1420 o-
2341 1386 2343 1388 ’

405 1447 521 1474 mnes
533 1432 577 1473 H
581 1447 651 1473 aere
658 1434 827 1472 ticorum
837 1432 1039 1472 machinas
1050 1447 1078 1471 H
1088 1447 1113 1471 ο
1125 1446 1160 1471 M
1172 1447 1197 1472 o
1209 1447 1238 1472 U
1250 1447 1268 1472 s
1282 1448 1296 1473 1
1311 1432 1563 1487 oppositione
1575 1431 1940 1485 dejecit.Vicefimo
1950 1448 2056 1475 anno
2067 1436 2302 1478 Viccnnalia
2336 1462 2340 1464 -

407 1490 670 1531 Constantini
681 1488 935 1530 Nicomediae
946 1488 1059 1536 faeta,
1071 1493 1108 1529 &
1119 1489 1302 1544 sequenti
1313 1504 1420 1530 anno
1431 1489 1576 1531 Romae
1586 1489 1705 1531 edita.

348 1604 501 1646 HUC
532 1604 767 1659 USQUE
799 1603 1220 1647 HISTORIAM
1252 1606 1540 1647 SCRIBIT
1567 1605 1904 1648 EUSEBIUS
1936 1609 2300 1655 PAMPHILI,

501 1660 628 1703 CUI
658 1662 1144 1703 HIERONYMUS
1176 1663 1586 1713 PRESBYTER
1614 1663 1774 1704 ISTA
1807 1664 2150 1719 SUBJECIT.

348 1774 466 1886 D
477 1777 695 1831 Repanum
709 1778 907 1833 Bithyniae
919 1778 1124 1820 civitatem
1133 1780 1174 1819 in
1186 1779 1381 1820 honorem
1394 1779 1572 1835 martyris
1588 1778 1756 1818 Luciani
1767 1779 1823 1818 ibi
1834 1779 1988 1819 conditi
2010 1780 2302 1820 Constantinus

478 1834 692 1874 instaurans
700 1849 748 1876 ex
759 1835 958 1874 vocabulo
970 1837 1103 1876 matris
1114 1837 1187 1876 suae
1204 1836 1539 1878 HELENOPOLIM
1558 1837 1818 1889 nuncupavit.
1834 1836 2124 1876 Constantinus
2136 1851 2301 1877 uxorem

407 1888 447 1928 su
454 1904 518 1929 am
530 1890 711 1931 Faustam
721 1891 935 1932 interfecit.
948 1893 1345 1947 Constantinopolim
1358 1893 1520 1934 dedicat
1531 1907 1634 1946 pene
1646 1893 1830 1931 omnium
1847 1892 2002 1932 urbium
2022 1893 2218 1934 nuditate.
2251 1895 2303 1933 E-

404 1945 518 1985 di&o
528 1947 611 1999 ejus
623 1948 835 2002 gentilium
848 1949 998 2002 templa
1006 1948 1138 1988 eversa
1145 1948 1246 1989 sunt.
1280 1950 1565 1989 Constantium
1578 1949 1703 1989 filium
1715 1949 1900 2002 provehit
1924 1949 1975 1989 ad
1996 1964 2177 2005 regnum.
2207 1952 2301 1991 Tri-

402 2002 635 2043 cennalibus
653 2003 728 2043 suis
748 2004 998 2045 Dalmatium
1021 2005 1215 2045 Caesarem
1238 2006 1419 2060 appellat.
1452 2006 1644 2045 Extremo
1662 2005 1753 2044 vitae
1772 2004 1845 2043 suae
1866 2016 2051 2059 tempore
2068 2006 2119 2046 ab
2131 2006 2302 2047 Eusebio

401 2059 711 2100 Nicomediensi
723 2060 922 2115 Episcopo
934 2060 1207 2115 baptizatusin
1220 2064 1435 2102 Arrianum
1445 2062 1595 2116 dogma
1604 2061 1778 2100 declinat
1792 2077 1799 2100 t
1811 2063 1832 2099 a
1842 2062 2065 2114 quo,usque
2076 2064 2117 2102 in
2131 2063 2294 2116 praesens

403 2127 578 2170 tempus,
590 2117 852 2156 Ecclefiarum
863 2118 1020 2170 rapinae,
1034 2121 1071 2156 &
1081 2118 1204 2156 totius
1216 2118 1322 2156 orbis
1334 2118 1389 2156 est
1398 2117 1528 2155 secuta
1538 2115 1744 2156 discordia.
1777 2117 1917 2168 Qum
1931 2117 2076 2157 bellum
2087 2132 2241 2172 pararet
2258 2122 2300 2160 in

406 2172 559 2218 Persas,
582 2173 624 2212 in
647 2173 867 2226 Achyrone
877 2173 969 2211 villa
980 2172 1138 2225 publica
1143 2173 1255 2225 juxta
1273 2172 1565 2214 Nicomediam
1587 2174 1774 2219 moritur,
1800 2187 1907 2213 anno
1926 2175 2050 2214 aetatis
2068 2190 2174 2215 LXVI
2188 2178 2298 2230 :post

405 2241 529 2281 quem
541 2229 655 2268 liberi
668 2229 749 2282 ejus
761 2241 837 2269 tres
846 2242 895 2269 ex
907 2228 1123 2269 Caesaribus
1136 2230 1306 2285 Augusti
1318 2229 1578 2284 appellantur.

348 2283 677 2325 CONSTANTIUS
694 2286 909 2326 tricesimus
919 2285 1046 2325 sextus
1055 2287 1338 2326 Romanorum
1350 2288 1567 2340 imperator
1578 2301 1670 2326 cum
1694 2287 1990 2327 CONSTANTIO
2003 2292 2040 2327 &
2062 2289 2299 2330 CONSTAN-

407 2356 517 2382 TINO
530 2341 712 2382 fratribus
723 2343 902 2397 regnavit
913 2357 1003 2382 ann.
1015 2357 1133 2383 xxiv.
1147 2343 1267 2383 mens.
1282 2357 1320 2383 v.
1332 2344 1438 2383 dieb.
1449 2358 1526 2383 ΧΠ.
1541 2343 1623 2384 Sub
1636 2343 1712 2383 hoc
1727 2343 1851 2398 Sapor
1860 2358 1926 2383 rex
1934 2344 2149 2392 Persarum,
2161 2347 2296 2387 Meso-

410 2400 590 2452 potamia
607 2399 776 2445 vastata‚
792 2399 950 2439 duobus
965 2399 1088 2440 ferme
1101 2400 1302 2440 mensibus
1318 2402 1362 2441 N
1366 2400 1479 2440 ifibin
1489 2400 1660 2447 obsedit.
1692 2401 1917 2440 Dalmatius
1930 2401 2058 2441 Caesar
2068 2429 2080 2447 ,
2100 2417 2221 2456 quem
2233 2418 2297 2458 pa-

408 2467 518 2496 truus
526 2455 813 2496 Constantinus
823 2456 1047 2496 consortem
1059 2459 1171 2512 regni
1183 2457 1393 2511 reliquerat
1404 2456 1490 2497 filiis
1502 2485 1513 2503 ,
1536 2457 1710 2497 factione
1723 2458 1950 2497 Constantii
1962 2459 2166 2511 patruelis,
2189 2464 2226 2500 ὃ(
2239 2473 2298 2500 tu-

406 2512 538 2552 multu
559 2513 735 2558 militari,
760 2528 866 2553 anno
884 2514 1043 2567 imperii
1064 2513 1120 2553 sui
1132 2515 1252 2554 tertio
1264 2515 1516 2554 interimitur.
1548 2513 1837 2555 Constantinus
1849 2514 1994 2554 bellum
2006 2513 2297 2556 fratriinferens

406 2569 519 2623 juxta
532 2569 759 2624 Aquilejam
772 2569 871 2610 Alsae
882 2570 1090 2611 occiditur.
1122 2569 1246 2611 Vario
1255 2583 1389 2611 autem
1401 2584 1548 2611 eventu
1560 2571 1767 2611 adversum
1780 2571 1950 2611 Francos
1961 2572 1981 2610 a
1994 2571 2216 2612 Constante
2229 2588 2298 2628 pu-

410 2637 559 2681 gnatur
574 2628 611 2666 :a
630 2641 712 2680 quo
732 2626 951 2681 perdomiti
971 2642 978 2666 :
999 2631 1037 2667 &
1055 2641 1132 2682 pax
1153 2642 1245 2667 cum
1265 2629 1321 2668 eis
1333 2627 1443 2668 fasta.
1477 2628 1590 2668 Bello
1597 2628 1752 2669 Persico
1762 2628 1958 2667 no&urno
1969 2629 2075 2682 apud
2088 2629 2297 2685 Singaram

409 2682 518 2723 haud
530 2683 695 2723 dubiam
706 2684 913 2723 vistoriam
923 2683 1096 2724 militum
1105 2684 1321 2725 stoliditate
1331 2683 1592 2739 perdidimus.
1625 2685 1774 2738 Neque
1797 2699 1892 2725 vero
1912 2685 2036 2724 ullum
2055 2687 2298 2727 Constantio

411 2753 460 2779 cx
470 2755 621 2780 novem
633 2740 861 2796 gravissimis
872 2741 1010 2796 praeliis
1019 2754 1156 2782 contra
1167 2741 1298 2783 Persas
1308 2742 1461 2798 gravius
1475 2742 1623 2782 bellum
1633 2741 1720 2781 fuit.
1732 2743 1777 2782 N
1780 2756 1857 2787 am,
1870 2753 1912 2780 ut
1921 2742 1994 2781 alia
2006 2744 2207 2788 omittam,
2221 2745 2297 2784 Ni-

409 2796 510 2836 sibin
522 2797 678 2844 obsessa,
694 2797 869 2839 Bisabdae
879 2802 916 2838 &
926 2798 1079 2839 Amida
1090 2812 1211 2853 captae
1221 2799 1319 2838 sunt.
1351 2799 1597 2854 Magnentio
1607 2797 1713 2852 apud
1727 2798 2068 2852 Augustodunum
2088 2800 2298 2853 arripiente

412 2854 841 2908 imperium‚Constans
850 2854 959 2894 haud
974 2855 1095 2910 longe
1104 2856 1155 2895 ab
1167 2857 1210 2896 H
1216 2855 1483 2909 ispania,anno
1493 2856 1617 2894 aetatis
1625 2854 1698 2893 suae
1707 2854 1919 2899 tricesimo,
1933 2855 2089 2908 imperii
2099 2856 2155 2895 sui
2168 2859 2300 2897 tertio-

413 2909 590 2957 decimo,
605 2913 646 2951 in
659 2911 864 2962 castro‚cui
873 2912 1034 2952 Helene
1047 2926 1199 2952 nomen
1211 2911 1806 2964 est2interficitur.Qamobrem
1819 2912 1974 2951 turbata
1985 2911 2210 2966 Republica
2222 2914 2300 2955 Ve-

412 2969 541 3007 tranio
551 2968 708 3013 Mursae,
719 2969 977 3022 Nepotianus
986 2968 1129 3009 Romae
1140 2969 1397 3023 imperatores
1407 2967 1509 3008 faeti.
1543 2968 1681 3008 Gallus
1692 2967 1818 3007 Cacsar
1829 2967 2045 3008 solicitatus
2065 2971 2085 3009 a
2102 2971 2298 3011 Constan-

412 3024 472 3063 tio
485 3025 664 3077 patrueli,
675 3026 741 3065 cui
750 3025 791 3064 in
801 3025 1056 3079 suspitionem
1069 3026 1122 3065 ob
1133 3027 1282 3080 regiam
1291 3026 1471 3066 indolem
1481 3036 1645 3066 venerat
1656 3053 1666 3070 ‚
1679 3024 1795 3066 Istriae
1806 3025 2015 3065 occiditur.
2038 3025 2217 3079 Julianus
2233 3043 2299 3067 au-

416 3091 501 3120 tem
524 3080 640 3121 frater
659 3081 764 3121 Galli
785 3081 1014 3122 Mediolani
1031 3081 1158 3122 Caesar
1177 3082 1414 3138 appellatur:
1437 3085 1458 3122 a
1469 3097 1550 3136 quo
1564 3096 1715 3136 magnae
1728 3080 2043 3123 Alamannorum
2056 3085 2179 3137 copiae
2191 3085 2298 3138 apud

415 3138 732 3192 Argentoratum
752 3138 950 3192 oppidum
966 3138 1185 3179 Galliarum
1205 3139 1401 3194 oppreffae.
1432 3140 1485 3180 Et
1508 3139 1767 3180 Constantius
1784 3138 2061 3192 Mopsocrenis
2080 3141 2182 3180 inter
2201 3142 2300 3182 Cili-

417 3194 519 3233 ciam
532 3194 918 3249 Cappadociamque
928 3196 1094 3236 moritur
1103 3211 1208 3236 anno
1218 3198 1339 3237 aetatis
1350 3196 1422 3237 suae
1434 3211 1528 3237 XLV.
2320 3211 2323 3214 ’

352 3247 570 3303 JuLiANus
580 3252 863 3291 Romanorum
876 3252 1090 3294 tricesimus
1102 3253 1291 3307 septimus
1302 3254 1517 3308 imperator
1533 3253 1715 3308 regnavit
1731 3265 1836 3291 anno
1855 3265 1936 3290 uno
1948 3279 1959 3297 ,
1981 3252 2178 3293 mensibus
2193 3256 2297 3295 osto.

418 3307 516 3346 Hoc
527 3306 577 3345 ad
589 3307 789 3347 idolorum
802 3309 954 3349 cultum
967 3309 1157 3349 converso
1169 3337 1179 3355 ‚
1201 3310 1344 3350 blanda
1361 3310 1580 3365 persecutio
1589 3309 1665 3348 fuit
1677 3341 1685 3355 ‚
1697 3308 1862 3348 illiciens
1872 3308 1995 3363 magis
2006 3342 2014 3355 ‚
2027 3323 2147 3362 quam
2159 3312 2298 3366 impel-

418 3362 504 3402 lens
524 3362 575 3403 ad
598 3363 890 3405 sacrificandum
906 3382 913 3405 ς
926 3367 967 3406 in
988 3380 1066 3420 qua
1083 3366 1200 3406 multi
1218 3381 1267 3407 ex
1288 3368 1425 3408 nostris
1445 3367 1649 3407 voluntate
1667 3366 1824 3419 propria
1835 3378 2075 3405 corruerunt.
2108 3368 2157 3407 In
2168 3369 2300 3408 Persas

417 3418 619 3473 profe&us
630 3420 804 3459 nostrum
816 3422 902 3475 post
912 3423 1116 3463 instoriam
1126 3423 1212 3463 Diis
1224 3423 1452 3478 sanguinem
1465 3434 1648 3464 voverat:
1667 3422 1736 3461 ubi
1746 3423 1766 3461 a
1777 3421 1952 3475 quodam
1966 3422 2147 3462 fimulato
2168 3425 2299 3477 perfu-

421 3490 472 3530 ga
481 3474 532 3515 ad
544 3475 694 3515 deserta
704 3477 915 3530 perdustus
924 3506 934 3523 ‚
954 3493 1078 3532 quum
1091 3479 1195 3521 fame
1206 3485 1243 3520 &
1252 3481 1311 3520 siti
1322 3483 1358 3521 A
1364 3482 1514 3536 postata
1524 3478 1752 3535 perdidiss'et
1763 3481 1981 3518 exercitum
1995 3480 2298 3521 &inconsultius
2356 3501 2361 3505 -

421 3532 612 3572 asuorum
631 3544 775 3572 erraret
785 3534 1007 3588 agminibus
1018 3564 1030 3583 ,
1049 3536 1097 3577 ab
1116 3536 1241 3579 obvio
1262 3537 1365 3580 forte
1385 3538 1556 3579 hostium
1573 3536 1708 3590 equite
1723 3547 1847 3576 conto
1862 3535 1926 3576 ilia
1938 3534 2126 3590 persoss'us
2145 3536 2297 3578 interiit

418 3603 524 3630 anno
535 3590 657 3630 aetatis
665 3588 737 3629 sua:
748 3604 883 3630 xxxii.
1511 3594 1519 3602 ”

2064 3647 2290 3701 ]ονιΑΝυε
