2366 4040
666 260 1463 309 PROLEG.OME'NA.

155 343 231 400 ipse
247 335 525 383 Nabonass‘arus
543 337 649 389 obi'jt.
684 340 802 379 Certe
814 341 903 376 anni
913 332 1080 378 formam
1085 343 1192 395 genti
1206 339 1315 379 alicui
1326 326 1534 380 sancire,est
1547 342 1642 382 eiusr
1664 343 1728 395 qui
1744 345 1850 396 genti
1867 348 1988 398 impe-

156 411 225 442 tat,
236 411 316 438 non
324 400 420 452 regis
428 398 586 445 extrarij.
615 395 721 436 Nam
729 397 893 450 aliquam
907 399 997 434 anni
1006 395 1170 435 formam
1178 394 1345 436 indicere
1354 424 1365 441 ‚
1374 395 1468 451 quid
1478 396 1578 436 aliud
1590 397 1655 441 est,
1664 412 1780 452 quam
1790 403 1987 454 imperare,

153 469 272 510 quam
281 455 406 511 legem
420 453 508 493 date
521 462 531 492 ἓ
548 452 760 506 Ecquando
772 449 1050 492 Nabonaffarus
1065 452 1296 492 Bocchoridi
1307 454 1531 509 imperauit?
1561 453 1676 493 Tunc
1688 454 1843 495 credam
1855 456 1895 496 N
1897 456 1989 496 abo-

154 510 339 552 naffarum
358 514 447 551 anni
459 508 623 549 formam
632 508 863 549 Bocchoridi
880 506 1048 548 indixisse
1060 535 1071 553 ,
1087 523 1208 564 quum
1217 509 1374 549 aTurca
1392 509 1553 562 inclytus
1585 509 1636 548 IA
1650 523 1672 549 c
1688 525 1714 550 o
1727 525 1749 550 B
1760 527 1783 550 v
1796 524 1811 550 s
1839 526 1987 566 magnae

154 569 355 609 Britanniae
371 581 436 607 rex
446 580 591 606 annum
602 566 754 620 Hegirae
766 568 939 621 accipere
949 578 1118 619 cogetur.
1153 565 1312 610 Videtis,
1327 565 1479 605 candidi
1490 566 1645 606 lectores
1658 594 1670 611 ,
1679 567 1891 622 Prophetas
1905 583 1988 608 non

153 633 279 668 minus
288 624 445 666 mirifica
453 622 613 663 historiae
622 625 765 677 perit-ia.
777 634 893 675 quam
904 619 1054 664 iudicio,
1066 620 1245 677 praeditos
1257 621 1341 661 ess‘e.
1367 622 1459 662 Hoc
1475 626 1593 677 magis
1610 636 1656 661 ex
1668 637 1717 663 eo
1727 651 1738 669 ‚
1747 623 1854 678 quod
1870 623 1988 679 sequi-

151 697 226 730 tur,
237 682 604 736 arbitratipoteritis‚
615 691 735 731 quum
742 680 793 716 ait
800 677 942 717 Belesin
957 678 1080 722 illum,
1098 682 1357 718 cuiusmentio
1371 679 1473 734 apud
1480 679 1717 723 Diodorum,
1739 680 1906 721 eundem
1916 679 1989 721 esse

153 756 243 782 cum
260 734 530 780 Nabonassaro.
558 734 651 773 Hoc
667 746 746 772 tam
758 732 976 788 frequenter
988 738 1143 774 iteratur
1153 763 1165 780 ,
1180 748 1297 789 quam
1312 732 1618 775 Nabonassarum
1631 734 1821 776 summum
1833 738 1989 778 astrolo-

152 811 244 854 gum
254 793 365 836 fuisse.
398 795 507 847 Qia
514 795 618 830 enim
625 789 756 829 Belefis
767 789 937 831 sacerdos
947 804 1026 830 erat
1035 820 1043 835 ,
1055 797 1103 832 Sc,
1126 804 1168 831 ut
1177 795 1344 830 maxima
1352 806 1436 846 pars
1453 791 1726 831 Chaldaeorum
1738 820 1750 837 ‚
1767 793 1985 848 astrologus,

150 849 453 896 Nabonaffarum
470 861 560 887 vero
575 846 807 901 astrologum
820 845 923 886 fuisse
933 852 1010 886 iam
1026 847 1092 887 fibi
1108 845 1344 904 persuaserat,
1356 847 1444 887 ideo
1455 846 1778 893 Nabonassarum‚
1799 849 1988 889 &Belefin

150 910 316 952 eundem
328 904 398 946 effe
414 904 602 944 iudicauit.
633 902 808 944 Profecto
818 903 843 942 fi
854 901 1134 944 Nabonaffarus
1145 903 1232 942 ideo
1244 917 1339 942 unus
1351 903 1532 958 idemque
1543 904 1637 949 sunt,
1649 910 1737 958 quia
1747 905 1864 946 ambo
1875 906 1988 946 astro-

148 963 445 1023 logiflsequitur,
465 975 586 1014 quum
596 974 643 999 eo
652 973 828 1016 tempore
843 973 902 1000 tot
925 961 1041 999 millia
1055 960 1334 1014 astrologorum
1342 963 1381 998 in
1400 959 1582 999 Chaldaea
1602 959 1756 1005 fuerint,
1775 976 1838 1002 eos
1854 977 1990 1003 omnes

148 1036 269 1062 unum
283 1015 587 1060 Nabonaffitrum
605 1013 718 1055 fuiss‘e.
739 1031 822 1071 quae
842 1030 944 1056 certe
953 1017 1070 1072 digna
1086 1015 1172 1056 sunt
1186 1019 1362 1055 acumine
1376 1015 1620 1070 prophetico.
1651 1017 1725 1057 Sed
1740 1017 1870 1059 Belefis
1882 1023 1990 1058 annis

148 1082 204 1116 ὀἳ
210 1080 281 1128 fii
300 1089 387 1116 ante
401 1078 569 1130 primum
579 1072 718 1112 Thoth
728 1071 978 1114 Nabonassari
994 1073 1134 1113 Arbaci
1149 1071 1273 1111 Medo
1284 1074 1413 1111 auctor
1429 1072 1498 1111 fuit
1505 1076 1709 1127 imperium
1718 1074 1889 1114 aduersus
1908 1076 1990 1115 Sar-

148 1134 377 1189 danapalum
389 1128 603 1170 inuadendi.
638 1130 735 1168 Sane
747 1129 950 1169 hominem
961 1141 1068 1167 tanta
1080 1129 1294 1183 prudentia,
1305 1141 1416 1168 tanto
1425 1141 1552 1167 rerum
1563 1128 1637 1170 usu,
1650 1143 1692 1169 ut
1701 1145 1722 1170 a
1734 1131 1914 1171 Diodoro
1923 1131 1990 1171 de-

147 1189 316 1231 scribitur
332 1217 342 1233 ‚
357 1188 508 1242 qualem
521 1185 592 1225 esse
602 1185 823 1239 oportebat,
837 1189 901 1239 qui
911 1183 960 1224 ad
968 1197 1049 1223 tam
1059 1184 1222 1224 arduum
1232 1187 1434 1239 inceptum
1454 1184 1593 1224 Arbaci
1611 1187 1807 1227 confilium
1830 1187 1989 1231 dederit,

148 1253 186 1287 &
202 1260 337 1302 quem,
356 1257 538 1298 tanquam
550 1241 745 1281 oraculum
755 1241 851 1283 Beli,
869 1241 1035 1280 Arbaces
1047 1240 1288 1286 consulebat,
1304 1238 1451 1281 necesse
1471 1241 1524 1280 est
1534 1255 1582 1280 eo
1601 1254 1776 1298 tempore
1787 1248 1991 1295 trigintaut

146 1307 554 1345 mimmtrmannorum
572 1293 687 1336 fuisse.
718 1296 885 1336 Proinde
904 1301 1030 1352 prirno
1044 1297 1187 1337 Thoth
1206 1295 1457 1337 Nabonaffari
1473 1296 1604 1336 Belefis
1621 1296 1732 1338 fuerit
1751 1300 1853 1335 ὀῖ-Ἦ
1870 1314 1991 1349 anno-

145 1364 250 1401 rum:
272 1364 308 1398 δι
320 1355 518 1412 quiaidem
529 1353 582 1393 est
589 1366 679 1392 cum
690 1351 954 1393 Nabonaffaro
963 1383 973 1397 ‚
995 1354 1161 1394 totidem
1173 1367 1366 1392 annorum
1376 1365 1486 1392 natus
1497 1353 1778 1393 Nabonassarus
1787 1359 1992 1410 imperium

144 1413 328 1456 inuaserit.
361 1412 534 1467 Qalem
542 1422 632 1458 eum
639 1421 828 1463 putemus,
846 1423 966 1462 quum
983 1408 1073 1448 effer
1084 1409 1225 1448 calidus
1234 1412 1472 1462 iuuenta‚qui
1480 1424 1584 1449 anno
1593 1415 1708 1450 artatis
1720 1411 1789 1449 suae
1799 1424 1820 1446 c
1830 1424 1850 1446 L
1859 1415 1897 1447 <ft
1909 1426 1992 1452 non

144 1476 282 1512 veritus
299 1469 351 1509 est
365 1471 571 1523 imperium
590 1463 762 1503 aduersus
777 1465 1084 1520 potentiffimum
1098 1464 1251 1504 hostem
1264 1467 1428 1519 arripere
1448 1473 1460 1501 Ξ
1484 1465 1549 1504 Ne
1559 1479 1650 1505 vero
1660 1470 1843 1506 miremur
1859 1467 1994 1507 Nabo-

145 1527 329 1568 naffarum
342 1524 572 1578 astrologum
590 1518 693 1559 fuiffe
704 1549 715 1565 ‚
732 1523 815 1576 plus
824 1520 1001 1572 adijciam
1011 1549 1020 1565 ‚
1042 1522 1091 1560 ab
1103 1535 1150 1560 eo
1164 1516 1300 1560 Acha'z
1310 1534 1442 1575 regem
1453 1519 1545 1560 Iuda
1558 1521 1853 1577 horologiorum
1869 1523 1990 1563 confi-

145 1577 369 1624 ciendorum
380 1585 567 1620 rationem
583 1575 725 1616 didisse.
758 1582 943 1634 roirca
955 1586 972 1626 (
983 1579 1096 1617 verba
1107 1577 1307 1633 prophetae
1319 1590 1365 1615 ex
1376 1578 1414 1615 81
1423 1591 1512 1632 pag.
1522 1584 1534 1628 )
1541 1578 1740 1630 ſscundum
1754 1579 1995 1633 Qbonafflzri

142 1640 350 1682 dodrinam,
363 1652 472 1693 quum
482 1649 611 1690 magna
623 1633 805 1688 eimfhma
813 1632 892 1687 cffbt
906 1638 948 1674 in
956 1647 1031 1674 teto
1045 1650 1150 1690 regne
1164 1633 1427 1687 gAfflriacostct
1441 1649 1487 1672 ex
1495 1634 1651 1673 Diodoro
1662 1637 1776 1675 Siculo
1790 1637 1992 1692 collzgtmm,

141 1695 293 1736 videtur
306 1695 509 1751 Achazrex
521 1691 612 1730 Iudae
622 1690 849 1744 conflruxr'fi
864 1693 1043 1731 Solutum
1064 1690 1152 1730 illud
1166 1687 1413 1742 infimihoras
1427 1690 1658 1736 diffindi‘usn,
1671 1691 1715 1730 de
1727 1707 1794 1748 quo
1798 1694 1847 1743 fit
1860 1696 1994 1732 mentio

141 1756 183 1794 in
194 1751 341 1792 historia
353 1754 586 1805 aegrotationis
602 1748 750 1786 Ezekiae.
786 1748 845 1786 En
859 1748 994 1787 Achaz
1007 1746 1233 1803 discipulum
1244 1746 1285 1786 N
1288 1744 1514 1791 abonass'ari,
1534 1747 1779 1804 astrologum,
1793 1748 1994 1789 &horolo-

141 1806 494 1864 giorumartificem.
528 1802 883 1858 Qemadmodurn
903 1817 983 1842 non
1000 1805 1142 1852 obijcio
1160 1804 1209 1841 iili
1221 1802 1351 1841 deliria
1365 1829 1376 1846 ,
1395 1816 1479 1856 quae
1491 1817 1581 1842 cum
1598 1805 1674 1854 alijs
1698 1809 1921 1845 communia
1930 1805 1996 1843 ha-

142 1865 219 1907 bet,-
235 1876 279 1903 ut
291 1861 493 1916 Epocham
504 1857 639 1897 mundi
656 1869 677 1892 1.
685 1873 695 1893 ι
707 1872 717 1893 1
731 1872 760 1895 11
779 1863 885 1897 annis
898 1863 1155 1914 antiquiorem
1166 1871 1348 1914 repetere,
1358 1872 1475 1912 quam
1484 1863 1648 1899 rationes
1658 1860 1836 1901 Mosaicae
1845 1865 1995 1916 patiun-

141 1931 215 1963 tur,
231 1918 356 1967 (hunc
364 1919 468 1956 enim
477 1915 658 1954 morbum
670 1919 707 1951 δε
717 1914 775 1963 alij
792 1926 947 1970 quoque
959 1928 1145 1970 aegrotant
1157 1922 1169 1965 )
1190 1917 1243 1953 ira
1257 1927 1341 1954 non
1351 1915 1401 1953 illi
1410 1918 1504 1955 vitio
1514 1928 1623 1955 verto
1634 1943 1642 1957 ‚
1663 1931 1714 1970 qu
1720 1917 1771 1957 od
1778 1917 1915 1972 gradus
1925 1918 1993 1957 Pa-

143 1975 218 2025 lati]
233 1974 366 2015 Achaz
376 1971 622 2026 horologium
628 1971 849 2010 vocat.H·)e
864 1985 966 2011 enim
977 1972 1134 2026 posteris
1145 1984 1227 2010 tam
1237 1983 1382 2011 veteres
1394 1971 1563 2016 Iuda&
1579 1986 1642 2012 eos
1664 1972 1841 2026 sequutus
1853 1974 1996 2014 Hiero-

142 2040 301 2086 11me83
317 2027 815 2084 quaqudaei‘recentiores‚
832 2026 1099 2082 persuaserunt.
1132 2026 1207 2068 Sed
1218 2026 1326 2081 quod
1340 2026 1434 2067 illud
1457 2028 1720 2083 Holorogium
1739 2034 1779 2069 in
1788 2029 1995 2070 semihotas

143 2088 357 2138 distineturn
365 2089 431 2126 ait,
444 2083 547 2123 unde
558 2083 713 2127 habeat,
730 2096 795 2123 aut
804 2084 906 2124 unde
916 2085 1086 2140 colligat,
1105 2084 1268 2127 libenter
1275 2083 1324 2123 ab
1331 2097 1379 2123 eo
1390 2082 1601 2124 didicerim.
1635 2084 1710 2125 Sed
1720 2090 1808 2140 quia
1820 2099 1922 2126 totus
1933 2088 1993 2125 ille

142 2141 278 2190 ὣοσὲεἹῆς
293 2143 440 2183 liberex
449 2139 712 2183 aemulatione,
732 2140 972 2180 &insomnia
982 2169 991 2183 ‚
1012 2154 1130 2195 quam
1141 2140 1194 2196 illi
1208 2154 1309 2195 pepe
1316 2139 1364 2180 tit
1371 2154 1468 2195 opus
1479 2141 1653 2180 nostrum
1665 2141 1770 2195 quod
1782 2148 1816 2181 ei
1835 2141 1990 2182 somnos

141 2200 284 2244 adimit,
293 2212 402 2240 natus
411 2197 475 2241 est,
489 2202 527 2236 δε
536 2194 741 2235 nihilaliud
752 2200 793 2234 in
801 2198 1027 2240 eomolitur,
1037 2209 1102 2237 aut
1109 2208 1410 2240 commentatur,
1420 2211 1536 2250 quam
1544 2210 1587 2236 ut
1600 2198 1726 2237 nostra
1734 2203 1867 2238 omnia
1880 2213 1990 2238 com-

142 2260 329 2301 mentitia,
339 2254 401 2294 sua
409 2253 457 2293 de
465 2253 557 2293 caelo
565 2250 720 2290 demissa
730 2251 839 2291 fatuis
855 2251 1085 2307 persuadeat,
1098 2252 1176 2290 duo
1188 2264 1253 2289 aut
1263 2256 1332 2291 tria
1339 2252 1388 2291 de
1403 2254 1629 2306 multis‚quae
1641 2253 1689 2292 ad
1701 2268 1769 2292 nos
1780 2258 1985 2308 pertinent,

145 2325 310 2370 tangam.
324 2312 466 2366 reliqua
476 2308 637 2348 finemus
648 2308 785 2362 rapidis
798 2309 959 2348 ludibria
966 2312 1101 2348 ventis.
1115 2308 1255 2347 Inloco
1269 2308 1482 2363 QCurtij
1493 2307 1540 2347 de
1550 2322 1654 2348 anno
1666 2308 1851 2350 Indorum
1863 2310 1987 2349 osten-

143 2369 201 2409 dit
216 2383 285 2409 nos
300 2369 436 2408 Latine
455 2363 606 2404 nescire.
637 2365 763 2404 Verba
781 2365 1012 2419 QCurtij:
1036 2362 1198 2416 <jn-nse&
1209 2367 1250 2402 in
1259 2378 1385 2419 qumos
1395 2363 1501 2403 denos
1515 2364 1768 2420 descrspfi’runt
1777 2366 1862 2405 dies.
1884 2369 1990 2405 Anni

135 2427 243 2485 plena
245 2428 362 2481 spatia
362 2423 570 2475 struantur.
589 2428 695 2460 Lunae
712 2420 811 2473 cmfic
819 2431 950 2459 notant
961 2431 1130 2476 tempora,
1144 2434 1229 2463 non,
1236 2431 1278 2457 ut
1277 2420 1452 2476 plerique,
1461 2436 1573 2477 quum
1586 2421 1703 2460 orbem
1699 2422 1801 2474 fidus
1809 2424 1984 2478 impleuit,

127 2481 198 2536 fid
205 2495 315 2537 quum
321 2479 363 2533 fi
371 2493 518 2518 curuare
533 2477 629 2529 cae'pit
641 2480 683 2515 in
697 2491 846 2516 cornua:
861 2475 906 2521 ἄν·
917 2479 1039 2515 iccirco
1052 2474 1227 2515 breuiores
1243 2474 1378 2516 habent
1397 2476 1528 2530 menſs‘s
1535 2505 1547 2522 ‚
1564 2481 1627 2534 qui
1633 2481 1795 2532 spatium
1807 2494 1926 2518 eorum
1940 2479 1989 2518 ad

140 2535 236 2577 hunc
252 2543 357 2576 Lame
368 2545 503 2574 motum
511 2530 682 2588 dirigunt.
710 2534 816 2587 Qae
827 2532 870 2571 sit
880 2533 1022 2571 horum
1030 2532 1236 2571 verborum
1248 2531 1450 2577 sententia,
1461 2537 1577 2572 etiam
1590 2533 1835 2575 mediocriter
1850 2535 1987 2574 Latine

141 2593 368 2648 intelligenti⁴
375 2589 613 2646 perspicuum
621 2590 683 2628 est.
694 2587 1039 2643 Qntusdecimus
1050 2588 1168 2627 Lunae
1176 2587 1230 2625 est
1240 2588 1502 2641 plenilunium.
1513 2588 1659 2643 Qinis
1667 2589 1774 2630 denis
1784 2591 1924 2634 diebus,
1931 2595 1988 2634 in„

140 2653 236 2705 quit,
244 2647 327 2688 Indi
335 2646 549 2688 describunt
558 2644 700 2685 menses
714 2644 809 2688 sum,
817 2657 899 2683 non
907 2648 1039 2695 utique
1046 2657 1068 2681 a
1076 2646 1298 2697 plenilunio,
1307 2647 1466 2697 quauuis
1482 2644 1805 2699 quintusdecimus
1819 2647 1897 2686 dies
1908 2648 1983 2686 Lu-

141 2709 200 2746 nae
210 2704 522 2760 {it-plenilunium.
552 2702 659 2741 Nam
670 2700 696 2738 si
705 2703 826 2753 quinis
841 2699 947 2737 denis
958 2698 1090 2737 diebus
1101 2711 1236 2737 eorum
1243 2698 1387 2738 menses
1399 2697 1574 2755 descripti
1586 2698 1670 2740 sunt
1678 2728 1690 2745 ‚
1709 2703 1838 2756 aliquis
1848 2707 1988 2741 merito

142 2759 311 2814 suspicari
318 2758 440 2816 poffet
448 2785 459 2802 ,
471 2770 534 2796 aut
543 2772 565 2795 a
579 2757 868 2811 plenilunimaut
879 2768 899 2792 a
909 2758 1008 2808 iugo.
1040 2753 1158 2793 Hanc
1167 2767 1270 2794 certe
1279 2752 1353 2794 esse
1366 2769 1540 2794 mentem
1552 2757 1675 2805 Curtij
1686 2771 1804 2798 nemo
1813 2787 1823 2800 ,
1839 2759 1986 2812 qui-La-

144 2819 225 2856 tine
233 2814 309 2860 scit,
321 2817 526 2870 negauerit.
558 2814 611 2851 At
617 2811 845 2867 prophetica
856 2811 1008 2850 censura
1016 2822 1132 2864 negat
1139 2824 1209 2850 nos
1221 2809 1438 2850 intellexisse
1448 2838 1459 2855 ‚
1477 2811 1584 2866 quod
1595 2811 1714 2852 orbem
1730 2816 1782 2852 im
1806 2815 1916 2852 letum
1928 2817 1988 2853 in-

144 2882 395 2926 terpretemur
418 2869 680 2924 plenilunium.
713 2867 751 2906 id
767 2870 870 2905 enim
890 2865 1096 2922 significare
1111 2869 1305 2921 integrum
1323 2868 1442 2906 Lunae
1459 2868 1666 2911 circulum,
1686 2868 1727 2908 id
1740 2883 1761 2908 e
1799 2899 1808 2913 ‚
1825 2869 1984 2924 quando

143 2927 255 2968 Luna
264 2933 392 2967 totum
402 2924 564 2965 Zodiaci
583 2924 766 2964 circulum
783 2927 1045 2978 peragrauerit.
1078 2924 1183 2977 Qs
1201 2938 1374 2979 unquam
1382 2924 1440 2963 vel
1451 2924 1695 2964 mediocriter
1703 2926 1839 2965 Latine
1850 2925 1979 2970 sciens,

145 2982 212 3023 ubi
226 2981 388 3022 deLuna
398 2981 518 3021 sermo
527 2980 596 3023 est,
614 2981 748 3020 orbem
758 2981 932 3034 plenum,
946 2992 1010 3019 aut
1019 2979 1154 3019 orbem
1167 2982 1371 3037 impletum
1384 3008 1396 3024 ,
1417 2979 1465 3020 de
1473 2982 1824 3036 aliointerpretatur
1838 3010 1847 3026 ‚
1864 2995 1986 3037 quam

144 3037 195 3079 de
207 3051 370 3093 corpore
385 3036 495 3092 ipsius
507 3037 642 3076 Lunae?
664 3035 860 3090 Infigniter
875 3037 1086 3075 Latinitatis
1106 3039 1327 3092 imperitum
1338 3034 1414 3076 effe
1428 3050 1603 3092 oportet,
1620 3042 1686 3092 qui
1702 3039 1808 3077 aliter
1822 3037 1982 3078 senserit.

146 3095 278 3148 Caput
289 3097 329 3132 Π(
349 3093 455 3142 Plinij
470 3092 552 3131 libri
562 3096 598 3129 Γι
608 3104 735 3132 totum
745 3092 796 3131 est
806 3091 854 3132 de
864 3093 984 3137 Luna,
993 3091 1144 3146 eiusque
1160 3093 1537 3149 configurationibus.
1568 3094 1622 3132 Ibi
1633 3093 1915 3149 orbepleno‚orbe
1924 3095 1982 3133 di-

144 3151 255 3191 midio
265 3148 359 3205 quid
367 3147 476 3191 aliud,
488 3162 604 3203 quarn
612 3146 827 3193 πηνα-ἔλῖωον,
837 3151 865 3210 2}
877 3149 1050 3199 ὣχόπμον
1067 3148 1236 3205 designat
1248 3159 1259 3188 ἒ
1277 3154 1358 3206 quis
1369 3162 1448 3188 tam
1458 3150 1573 3190 hebes
1581 3178 1593 3194 ,
1610 3163 1690 3189 tam
1702 3152 1837 3191 nullius
1852 3155 1892 3190 in
1908 3151 1984 3190 La-

144 3210 229 3247 tino
245 3205 417 3246 sermone
427 3203 529 3251 usus,
544 3217 586 3243 ut
595 3205 700 3243 aliter
718 3210 968 3258 pronunciare
975 3205 1112 3245 audeat
1124 3214 1134 3243 Ξ
1148 3207 1209 3246 Ad
1219 3207 1379 3246 verbum
1398 3206 1545 3245 Basilius
1556 3205 1729 3246 sermone
1743 3212 1782 3245 ἦ
1798 3206 1978 3262 ἐξοιημέρκ.

144 3264 218 3303 ἰ’πιν
231 3261 442 3318 ἀναπληρώσῃ
454 3259 515 3299 rh>
532 3261 647 3306 ἑαυτῆς
661 3255 796 3313 αἰψ’δαι.
816 3257 950 3320 Qum
965 3261 1083 3302 orbem
1090 3261 1432 3319 fhumn'mpleuert't.
1467 3263 1530 3301 De
1548 3263 1661 3318 plena
1678 3263 1788 3304 Luna
1799 3266 1979 3319 loquitur.

144 3319 265 3375 Apud
274 3319 457 3359 Senecam
473 3321 514 3355 in
528 3317 757 3373 Hippolyto:
1978 3316 1982 3320 '

382 3374 522 3413 clarior
536 3384 668 3430 quanto
684 3377 796 3413 micat
810 3373 891 3414 orbe
896 3376 1018 3431 pleno,

383 3435 519 3488 Qum
528 3429 613 3483 ficos
626 3434 721 3486 egnes
728 3441 869 3470 coeunte
883 3446 992 3471 cornu
1910 3461 1914 3470 .

379 3490 508 3528 lun-xit
527 3509 568 3514 -
579 3486 741 3525 &orbem
751 3515 762 3531 ‚
771 3488 981 3544 &complere
994 3487 1128 3527 dicunt
1139 3486 1231 3527 boni
1239 3485 1571 3541 scriptores‚quum
1583 3485 1631 3526 de
1642 3491 1801 3529 circuitu
1810 3488 1981 3543 planeta-³

113 3558 115 3561 .
145 3544 458 3611 Qloquiuttmi
467 3541 531 3585 sed
536 3556 627 3585 cum
635 3542 780 3586 delectu
787 3571 799 3590 ,
809 3543 940 3586 orbem
947 3545 1308 3601 conficegessircuitm
1309 3556 1487 3601 peragere.
1498 3544 1852 3627 {cssrozsolannuos
1859 3546 1977 3654 cufirsus

163 3613 170 3620 .
197 3610 200 3616 .
269 3614 274 3623 .
919 3608 921 3610 ·
1830 3616 1891 3641 con
1916 3610 1980 3640 ebs:
