2366 4040
154 965 286 991 Otrmr.

154 1010 243 1030 t'CCV.

148 2566 185 2604 si.
203 2582 324 2604 cccctx.

148 2897 281 2929 Omma

149 2940 253 2964 Czcvx.

352 245 400 281 η
839 222 1176 265 IDATII
1234 195 1693 264 EPIscorr

351 316 368 340 1
377 305 400 339 6
438 297 657 339 Gaiscricus
668 295 837 336 Siciliam
849 294 1090 346 depraedatus
1102 290 1246 330 Panor-

348 368 454 396 mum
476 355 545 393 diu
569 352 722 392 obsedit
741 365 747 390 :
791 350 861 403 qui
879 349 1052 389 damnati
1070 347 1091 385 a
1111 345 1249 406 catho-

349 412 434 451 licis
453 409 649 462 episcopis
675 405 884 447 Maximini
905 433 916 451 ,
934 402 1052 461 'apud-
1079 399 1250 442 Siciliam

349 466 602 507 Atrianorum
623 464 735 502 ducis
755 490 766 507 ‚
803 460 1003 499 adversum
1034 455 1253 498 catholicos

349 522 612 575 praecipitatur
651 516 830 557 instints‘cu
851 540 863 559 ,
910 522 956 551 ut
983 525 1054 550 eos
1080 525 1251 566 quoquo

348 577 465 630 pasto
503 576 541 615 in
573 574 807 626 impietatem
842 580 1002 620 cogeret
1035 568 1251 608 Arrianam.

347 631 570 671 Nonnullis
579 623 863 666 declinantibus
875 651 885 669 ‚
906 624 1096 676 aliquanti
1107 623 1251 663 duran-

347 689 450 727 tesin
462 682 654 725 catholica
674 678 752 718 fide
766 677 1085 718 consummavere
1107 680 1250 733 marty-

345 744 455 782 rium.
697 755 699 758 ’

400 792 609 834 Censorius
638 789 810 836 Comes,
843 789 913 843 qui
938 788 1091 842 legatus
1122 788 1250 830 missus

345 850 468 889 fuerat
486 848 536 887 ad
549 847 698 887 Suevos
711 872 722 892 ,
742 845 908 885 residens
924 844 1103 898 Mirtyli,
1122 843 1250 884 obses-

342 904 402 945 sus
412 905 431 944 ἐι
444 901 613 943 Rechila
626 903 663 941 in
677 915 774 956 pace
786 900 820 940 se
832 900 1009 940 tradidit.

345 976 360 999 1
373 972 408 1013 7.
439 960 530 999 Rex
540 958 756 999 Suevorum
775 957 964 996 diuturno
981 969 1050 1008 per
1061 955 1246 996 annosse-

342 1028 449 1069 ptem
461 1014 600 1055 morbo
612 1014 792 1053 adflistus
805 1013 966 1051 moritur
980 1012 1021 1051 H
1026 1013 1244 1052 ermericus.

397 1071 485 1111 Rex
499 1069 664 1110 Rechila
676 1068 830 1121 Hispali
842 1068 1002 1107 obtenta
1014 1097 1025 1112 ,
1037 1066 1218 1107 Baeticam
1231 1095 1247 1115 5

344 1131 382 1166 ὅτ
399 1124 758 1178 Carthaginiensem
771 1123 1043 1177 provinciasin
1065 1122 1167 1162 suam
1184 1137 1243 1162 re-

342 1183 444 1236 digit
458 1181 703 1235 potestatem.

397 1236 620 1291 [Romanae
639 1234 809 1276 ecclesiae
824 1249 944 1275 x2111.
968 1234 1143 1289 praefidet
1156 1235 1241 1288 epi-

342 1293 484 1346 scopus
495 1294 587 1332 Leo.
599 1290 620 1346 ]

398 1349 547 1389 Sabino
557 1345 748 1401 episcopo
766 1345 819 1386 de
832 1345 982 1398 Hispali
994 1345 1164 1386 faffinne
1174 1346 1241 1386 de·

341 1405 454 1458 pulso
465 1433 476 1452 ,
495 1405 534 1444 in
550 1404 681 1443 locum
696 1402 776 1454 ejus
789 1400 1026 1456 Epiphanius
1037 1402 1242 1442 ordinatur

312 1477 313 1480 ¹
339 1460 700 1510 fraudemonjure.

393 1515 668 1555 AsturiusDux
679 1513 880 1566 utriusque
892 1512 1037 1552 militiae
1047 1511 1240 1565 adHispa·

340 1572 422 1610 nias
434 1570 513 1610 miss
519 1583 560 1609 us
570 1568 924 1610 Tarraconensium
935 1569 1053 1608 caedit
1065 1568 1242 1608 multitu·

340 1627 474 1666 dinem
488 1625 765 1671 Bacaudarum.

343 1682 392 1720 18
433 1681 612 1721 Cometae
632 1680 733 1720 sidus
749 1692 935 1732 apparere
951 1679 1091 1732 incipit
1114 1677 1241 1717 mense

341 1735 680 1789 Decembrizq-uod
696 1748 766 1788 per
780 1734 927 1774 menses
940 1734 1094 1787 aliquot
1106 1734 1243 1780 visum,

339 1791 607 1845 subsequentis
619 1794 656 1829 in
669 1791 888 1841 pestilentia
901 1790 1042 1841 plagae,
1064 1803 1152 1842 quae
1161 1788 1243 1828 fere

341 1848 379 1887 in
397 1859 486 1887 toto
498 1846 592 1885 orbe
607 1845 743 1885 diffusa
755 1845 811 1884 est
822 1872 834 1891 ,
843 1843 1022 1897 praemifit
1033 1844 1187 1884 ostentu
1194 1857 1242 1882 m.

392 1901 846 1953 Constantinopolitanae
881 1898 1050 1946 ecclefiae
1075 1898 1243 1951 depulso

336 1955 382 1996 N
388 1957 532 1997 estorio
547 1954 719 2009 praesidet
730 1953 938 2008 episcopus
947 1954 1167 1995 Flavianus.

340 2026 354 2051 1
364 2027 387 2064 9
418 2010 576 2052 Asturio
590 2010 996 2066 Magistro‘utriusque
1014 2011 1164 2050 militiae
1176 2022 1243 2062 ge-

337 2067 534 2121 neripsius
555 2067 747 2107 success'ot
769 2065 839 2118 ipsi
853 2067 1018 2106 mittitur
1031 2065 1243 2105 Merobau-

338 2122 399 2163 dis
409 2151 421 2169 ,
433 2136 526 2163 natu
538 2123 682 2163 nobilis
693 2151 704 2170 ,
715 2125 753 2162 ὃς
768 2122 1007 2175 eloquentiae
1018 2121 1243 2168 merit0,vel

338 2178 507 2218 maxime
518 2179 557 2218 in
572 2179 764 2231 poematis
784 2176 915 2216 studio
927 2175 1122 2216 veteribus
1132 2189 1242 2215 com-

337 2233 534 2285 parandus
546 2233 792 2280 ‚testimonio
804 2233 919 2272 etiam
931 2232 1160 2286 provehitur
1168 2233 1241 2272 sta-

339 2298 498 2329 tuarum.
514 2288 628 2328 Brevi
641 2300 816 2340 tempore
834 2287 1037 2340 potestatis
1054 2287 1127 2327 suae
1147 2289 1240 2327 Ara·

337 2342 614 2383 cellitanorum
631 2342 1029 2396 frangitinsolentiam
1047 2343 1242 2383 Bacauda-

337 2411 433 2438 rum.
456 2399 563 2438 Mox-
575 2399 858 2438 nonnullorum
876 2400 1025 2439 invidia
1038 2412 1242 2453 perurgen-

337 2464 392 2501 te,
404 2455 455 2493 ad
467 2455 598 2494 urbem
610 2454 781 2495 Romam
799 2452 899 2494 sacra
911 2456 1176 2509 praeceptione
1186 2468 1240 2494 re-

339 2520 515 2555 vocatur.

342 2578 393 2604 20
425 2564 781 2613 Sebastianusillic‚
802 2566 883 2620 quo
903 2563 1156 2619 confugerat,
1174 2566 1241 2605 de-

340 2620 552 2674 prehensus
564 2619 629 2660 fibi
642 2621 798 2661 adversa
810 2622 961 2670 moliri,
980 2624 1001 2661 e
1011 2622 1241 2662 Constanti·

339 2677 482 2729 nopoli
494 2675 596 2729 fugit
607 2675 829 2717 admonitus
842 2706 854 2724 ‚
868 2681 905 2716 δε
917 2678 967 2717 ad
979 2676 1240 2717 Theodorem

338 2731 667 2784 regemGothoru
675 2747 710 2773 m
721 2734 882 2775 veniens
893 2761 904 2780 ‚
914 2732 1189 2787 conquaefitam
1200 2734 1241 2774 si-

339 2788 380 2828 bi
392 2800 470 2840 qua
483 2789 636 2841 potuit,
661 2789 916 2829 Barcinonam
930 2788 1051 2830 hostis
1069 2790 1240 2844 ingredi.

339 2854 413 2884 tur.
441 2876 447 2880 .

346 2913 364 2938 2
374 2914 388 2938 1
428 2899 477 2938 In·
496 2898 730 2939 Asturicenfi
742 2900 834 2940 urbe
844 2899 1056 2947 Gallaeciae-‘3
1078 2900 1242 2954 quidam

341 2964 432 2994 ante
445 2955 598 3008 aliquot
607 2969 730 2995 annos
741 2956 1119 2996 latentesM'anichaei
1128 2954 1245 3009 gestis

341 3008 626 3062 episcopalibus
646 3012 889 3064 deteguntur
899 3039 911 3058 ‚
928 3024 1016 3064 quae
1027 3011 1075 3051 ab
1084 3011 1212 3051 Idatio
1222 3040 1235 3059 ‚

343 3067 381 3103 ὃς
394 3062 459 3102 Tu
466 3065 561 3104 tibio
573 3080 592 3105 e
598 3066 780 3120 pifcopis,
790 3068 860 3120 qui
869 3080 938 3108 eos
947 3067 1152 3107 audierant
1163 3095 1174 3113 ,
1185 3068 1235 3107 ad

340 3120 587 3160 Antoninum
600 3122 874 3163 Emeritensem
893 3123 1124 3178 episcopum
1135 3123 1234 3163 dire-

342 3173 400 3212 sta
411 3174 508 3213 sunt.

394 3227 452 3267 W
453 3229 579 3285 andali
593 3232 752 3272 navibus
763 3233 950 3274 Turonio
967 3234 1005 3273 in
1020 3234 1135 3274 litore
1145 3234 1236 3274 Gal-

341 3279 457 3322 laeciae
484 3297 646 3336 repente
674 3289 847 3337 adveffi,
882 3288 1045 3329 familias
1074 3292 1235 3344 capiunt

338 3337 614 3391 plurimorum.

397 3391 640 3435 Sebastianus
659 3396 708 3436 de
735 3397 950 3440 Barcinona
979 3398 1138 3455 fugatus
1165 3400 1243 3439 mi--

341 3458 426 3500 grat
436 3447 730 3490 ad-Wandalos.
1098 3449 1102 3486 .'
1151 3465 1166 3483 ·.
1187 3481 1190 3484 .

378 3558 380 3560 v
395 3501 468 3543 Per
487 3503 715 3558 episcopum
737 3505 874 3547 Romae
901 3521 998 3549 tunc
1028 3502 1232 3563 praessfiden-

1291 304 1369 333 tem
1389 292 1493 348 gesta
1514 292 1563 332 de
1577 291 1810 333 Manichaeis
1827 305 1892 346 per
1903 297 2120 348 provincias
2133 302 2190 341 di·

1291 361 1477 402 riguntur.

1297 418 1343 444 22
1375 404 1496 445 Virus
1508 402 1698 457 Magister
1711 402 1911 458 utriusque
1921 405 2065 447 militiae
2075 406 2192 449 fastus

1294 460 1346 500 ad
1368 460 1574 513 Hispanias
1597 460 1724 500 missus
1738 488 1749 507 ‚
1789 474 1866 499 non
1888 460 2038 512 exigua:
2058 476 2192 507 manus

1293 513 1415 556 fultus
1440 516 1613 563 auxilio,
1643 518 1735 556 cum·
1763 514 2103 567 Carthaginienses
2123 533 2190 558 ve-

1293 582 1403 611 xaret
1416 600 1427 618 ‚
1437 575 1474 611 &
1485 570 1651 611 Baeticos
1662 600 1674 619 ‚
1693 571 1990 611 succedentibus
2002 585 2089 612 cum
2101 587 2190 627 rege

1291 625 1361 665 suo
1374 627 1453 666 illic
1466 626 1624 674 Suevis,
1641 627 1823 680 superatis
1832 628 1946 666 etiam
1958 627 1995 665 in
2010 630 2189 682 congres-

1293 679 1423 728 fione,
1443 681 1556 733 quiei
1576 684 1627 722 ad
1647 683 1949 735 depraedandum
1968 683 2008 722 in
2035 685 2190 737 adjuto-

1291 736 1391 774 rium
1402 749 1611 784 venerant,
1628 738 1775 778 Gothis
1787 768 1797 783 ,
1820 739 1974 778 territus
1986 739 2190 781 miserabili

1292 791 1432 830 timore
1444 789 1614 843 diffugit.
1634 791 1751 831 Suevi
1761 794 1849 832 exin
1873 793 1954 832 illas
1967 796 2190 845 provincias

1292 859 1431 898 magna
1442 845 1742 898 depraedatione
1755 847 1992 888 subvertunt.

1292 914 1337 954 23
1371 900 1563 941 Romanae
1575 900 1741 941 ecclesiae
1762 916 1880 941 xtm.
1911 905 2083 955 praefidet
2104 907 2188 959 epi-

1287 956 1428 1010 scopus
1438 957 1652 1010 Le0.hujus
1664 953 1803 1010 scripta
1815 970 1882 1009 per
1888 959 1990 1010 episc
1997 961 2134 1012 opiTu
2141 964 2186 1002 ri-

1287 1012 1341 1052 bii
1363 1013 1570 1052 diaconem
1591 1011 1826 1052 Pervincum
1847 1025 1982 1052 contra
2001 1014 2187 1056 Priscilia-

1287 1067 1460 1108 nistasad
1485 1068 1757 1121 Hispanienses
1775 1066 1984 1120 episcopos
2003 1068 2187 1110 deferun-

1285 1136 1359 1163 tur.
1392 1124 1496 1164 Inter
1508 1124 1653 1177 quaead
1672 1124 1901 1177 episcopum
1912 1123 2122 1164 Turibium
2135 1127 2186 1165 de

1286 1180 1554 1220 observatione
1572 1178 1776 1232 catholicae
1795 1178 1912 1226 fidei,
1938 1183 1976 1219 ὅ(
1998 1181 2046 1219 de
2070 1180 2185 1221 hacre-

1283 1236 1364 1276 sum
1385 1234 1651 1288 blasphemiis,
1678 1234 2029 1288 disputatio-pleno
2050 1237 2184 1290 dirigi-

1283 1302 1368 1338 tur,
1397 1303 1485 1344 quae
1513 1291 1560 1330 ab
1585 1291 1781 1344 aliquibus
1798 1290 1981 1331 Gallaecis
2014 1291 2183 1332 subdolo

1283 1347 1475 1400 probatur
1485 1346 1655 1386 arbitrio.
2149 1375 2151 1379 ,

1337 1402 1437 1441 Solis
1448 1401 1546 1442 fasta
1555 1400 1732 1442 defe&10
1743 1401 1807 1441 die
1818 1415 1925 1441 nono
1943 1401 2028 1441 Kal.
2041 1404 2181 1456 Janua-

1285 1457 1369 1504 rias,
1383 1459 1452 1510 qui
1465 1455 1538 1496 fuit
1549 1457 1662 1497 tertia
1674 1457 1780 1497 feria.

1268 1525 1338 1564 *24
1368 1511 1533 1552 Rechila
1545 1526 1611 1551 rex
1627 1513 1843 1552 suevorum
1869 1513 2181 1565 Emeritaegenti-

1285 1567 1329 1607 lis
1346 1569 1509 1608 moritur
1529 1568 1658 1608 mense
1679 1568 1881 1615 Augusto:
1902 1569 1967 1608 cui
1981 1583 2071 1609 mox
2084 1568 2186 1610 filius

1284 1623 1371 1663 suus
1391 1624 1609 1664 catholicus
1631 1625 1864 1664 &ech-iarius
1883 1624 2058 1664 succedit
2076 1626 2112 1664 in
2127 1640 2188 1665 re-

1284 1693 1434 1732 gnum,
1456 1680 1656 1719 nonnullis
1668 1680 1833 1733 quidem
1853 1679 1918 1719 fibi
1930 1680 1978 1718 de
1992 1692 2111 1733 gente
2123 1681 2188 1722 sua

1284 1735 1431 1775 aemul-is
1441 1766 1451 1782 ‚
1465 1735 1529 1774 sed
1539 1735 1714 1775 latenter.
1727 1734 1895 1776 obtento
1908 1747 2036 1774 tamen
2049 1749 2188 1788 regno,

1285 1789 1363 1829 fine
1384 1804 1490 1831 mora
1517 1790 1722 1831 ulteriores
1753 1792 1933 1844 regiones
1969 1792 2121 1832 invadit
2138 1794 2189 1832 ad

1285 1844 1467 1896 praedarn.

1341 1898 1585 1940 Pascentium
1603 1900 1803 1953 quendam
1816 1899 1920 1941 urbis
1930 1901 2071 1941 Romae
2083 1929 2095 1948 ‚
2116 1905 2190 1956 qui

1284 1953 1335 1994 de
1346 1954 1524 1995 Asturica
1534 1954 1742 2009 diffugerat
1751 1984 1762 2002 ‚
1785 1956 2049 1997 Manichaeum
2061 1959 2189 1999 Anto-

1285 2011 1400 2051 ninus
1417 2010 1625 2065 episcopus
1654 2011 1830 2051 Emeritae
1859 2012 2164 2067 comprehendit
2175 2043 2188 2062 ‚

1284 2066 1544 2119 auditumque
1564 2068 1683 2107 etiam
1703 2067 1757 2106 de
1766 2069 1971 2120 provincia
1992 2068 2189 2110 Lufitania

1283 2118 1550 2173 facitexpelli.

1339 2174 1414 2215 Per
1433 2174 1608 2229 Ajulfum
1627 2175 1780 2230 Hispali
1810 2177 2025 2220 Censorius
2037 2180 2186 2233 jugula-

1290 2240 1364 2271 tur.

1286 2298 1329 2338 25
1393 2285 1627 2327 Rechiarius
1664 2300 1826 2343 accepta
1871 2290 1909 2329 in
1956 2291 2183 2342 conjugium
2198 2287 2363 2342 omnis-*¹

1281 2341 1514 2383 Theodoris
1534 2345 1632 2396 regis
1660 2343 1762 2392 filia,
1791 2344 2009 2398 auspicatur
2029 2346 2184 2387 initium
2198 2343 2334 2389 eccm-4,
2360 2360 2361 2366 ¹

1280 2398 1606 2458 regniVasconias
1620 2399 1868 2453 depraedatur
1880 2415 1967 2441 men
1974 2401 2009 2441 se
2019 2401 2185 2442 Februa-

1283 2466 1354 2492 rio.

1319 2549 1324 2553 ,
1341 2508 1497 2549 Basilius
1517 2509 1570 2549 ob
1599 2509 1865 2553 testimonium
1896 2512 2045 2564 egregii
2073 2514 2184 2555 ausus

1282 2561 1339 2603 sui
1362 2567 1615 2618 congregatis
1636 2566 1828 2607 Bacaudis
1855 2568 1894 2607 in
1919 2568 2078 2608 ecclesia
2096 2569 2183 2623 Ty·
2203 2595 2207 2598 -

1282 2618 1445 2660 riaffone
1454 2620 1670 2661 foederatos
1682 2623 1840 2662 occidit.
1856 2623 1923 2662 ubi
1937 2627 1971 2662 ἃ
1989 2623 2072 2663 L‘eo
2084 2624 2203 2676 ejus-7

1282 2675 1373 2715 dem
1386 2675 1555 2717 ecclesiae
1564 2678 1783 2731 episcopus,
1794 2678 1841 2716 ab
1855 2677 1997 2718 eisdem
2011 2682 2079 2733 qui
2091 2695 2182 2721 cum

1282 2730 1422 2771 Basilio
1440 2734 1608 2780 aderant,
1618 2735 1655 2773 in
1668 2747 1717 2773 eo
1731 2733 1825 2773 loco
1836 2734 1933 2773 obiit
1946 2736 2179 2778 vulneratus.

1339 2786 1574 2829 Rechiarius
1584 2789 1714 2829 mense
1730 2789 1843 2841 Julio
1854 2789 1904 2828 ad
1923 2789 2181 2832 Theodorem

1283 2840 1459 2883 socerum
1481 2843 1679 2897 profectus
1693 2873 1705 2890 ,
1724 2844 2102 2897 Caesaraugustanam
2125 2861 2181 2886 re-

1283 2899 1443 2950 gionem
1463 2913 1553 2940 cum
1565 2898 1704 2940 Basilio
1721 2900 1762 2939 in
1782 2900 1908 2939 reditu
1921 2901 2180 2953 depraedatur.

1284 2954 1437 3006 lrtupta
1458 2967 1526 3008 per
1546 2954 1687 2995 dolum
1711 2954 1893 2996 llerdensi
1914 2956 2009 2996 urbe
2025 2958 2106 2998 aila
2123 2958 2178 2998 est

1284 3021 1362 3047 non
1375 3021 1491 3061 parva
1500 3022 1717 3064 captivitas.

1279 3065 1330 3103 26
1349 3063 1528 3106 Asturius
1540 3068 1596 3106 vir
1606 3067 1761 3107 illustris
1769 3067 1822 3108 ad
1833 3066 2024 3107 honorem
2036 3080 2174 3120 prove-

1277 3121 1380 3161 hitur
1394 3121 1625 3163 consulatus.
1692 3169 1706 3176 ,

1331 3176 1805 3218 ὃεὺείὶὶειηυεεκυῑΐαξὶιιε
1816 3177 2071 3230 perniciosam
2087 3178 2174 3226 fibi,

1277 3232 1372 3272 ficut
1381 3231 1471 3284 post
1480 3235 1601 3274 exitus
1613 3233 1753 3272 docuit
1764 3262 1776 3281 ,
1795 3232 1979 3272 Gaiserici
1991 3231 2174 3286 confugit

1276 3288 1523 3343 potestatem:
1535 3289 1654 3342 parvo
1668 3288 1755 3341 post
1773 3301 1956 3341 tempore
1979 3290 2097 3342 quam
2110 3303 2173 3329 ve·

1276 3355 1384 3384 nerat
1395 3356 1465 3396 per
1474 3344 1727 3396 eumjubetur
1741 3345 1885 3383 occidi.

1331 3400 1392 3452 De
1417 3398 1552 3440 Galliis
1574 3399 1748 3453 epistolae
1765 3399 1994 3440 deferuntur
2020 3399 2051 3438 F
2055 3400 2170 3439 lavia-

1278 3453 1502 3507 niepiscopi
1522 3455 1572 3494 ad
1585 3456 1767 3495 Leonem
1783 3454 2012 3508 episcopum
2035 3454 2170 3501 miffie,

1275 3522 1366 3550 cum
1386 3510 1535 3561 scriptis
1555 3511 1696 3564 Cyrilli
1723 3511 1898 3564 episcopi
1916 3509 2169 3602 Alexandrindi

2118 3577 2139 3602 a
