2366 4040
278 304 325 343 μ
721 281 1167 327 EUSEBII
1234 278 1779 320 PAMPH1L1

334 371 408 397 nus
420 370 469 397 ex
489 356 653 397 consilio
670 356 838 396 Senatus
866 356 908 394 in
927 354 1101 393 Iudaeam
1116 349 1245 390 miffus
1262 350 1423 390 censum
1436 349 1633 389 domuum
1643 348 2005 403 poffeffionumque
2019 350 2216 394 describit.

336 416 355 454 I
370 428 392 452 E
406 429 424 453 s
440 429 463 454 u
473 430 495 454 s
527 414 564 454 C
575 428 602 452 H
614 428 643 453 R
658 427 674 452 1
687 429 704 453 s
721 428 744 452 T
756 427 781 452 u
794 428 811 452 s
835 411 936 450 filius
955 411 1035 451 Dei
1053 410 1095 447 in
1114 407 1326 447 Bethleem
1341 406 1449 462 Juda
1466 405 1647 446 nascitur.
1685 405 1960 446 Tertullianus
1978 408 2019 446 in
2037 422 2087 448 eo
2104 409 2219 455 libro,

336 485 458 524 quem
471 482 612 510 contra
623 470 780 510 Iudaeos
792 468 957 522 scripsit,
979 464 1146 505 affirmat
1165 463 1369 505 Christum
1381 462 1682 518 quadragesimo
1695 477 1805 507 anno
1818 464 2137 519 Augustinatum
2149 493 2161 512 ,
2183 471 2222 506 ὃς

337 528 435 580 quin
441 527 648 567 [odecimo
658 525 816 567 Tiberii
825 524 900 564 effe
911 521 1070 576 paffum.
1103 520 1364 576 Colliguntur
1374 534 1516 561 omnes
1526 520 1575 559 ab
1596 519 1801 561 Abraham
1814 547 1826 566 ,
1843 521 1965 574 usque
1976 520 2027 560 ad
2037 523 2222 578 nativita-

340 595 424 624 tem
437 583 597 630 Christi,
608 584 704 623 anni
715 583 796 622 duo
806 580 926 620 millia
937 576 1183 629 quindecim.
1215 579 1335 619 Iudas
1355 578 1538 618 Galilaeus
1556 577 1607 617 ad
1616 576 1893 618 rebellandum
1912 577 2068 618 Iudaeos
2081 579 2223 618 cohor-

339 652 456 680 tatur.
494 640 697 685 Herodes,
709 651 832 692 quum
847 633 994 673 Christi
1005 634 1261 675 nativitatem
1272 636 1491 690 Magorum
1505 633 1658 674 indicio
1677 634 1924 689 cognovisset
1936 662 1947 680 ,
1966 634 2170 674 universos
2181 635 2223 674 in

339 696 551 737 Bethleem
562 710 704 750 pueros
716 689 1004 743 juflitint‘erfici.
1036 690 1226 731 Herodes
1242 691 1387 731 morbo
1407 692 1618 732 intercutis
1636 705 1747 745 aquae
1757 719 1768 737 ‚
1780 691 2025 731 scatentibus
2037 703 2129 732 toto
2141 706 2226 732 cor-

340 767 437 807 pore
449 753 659 795 vermibus,
669 743 938 788 miserabiliter
949 751 986 787 &
996 747 1120 803 digne
1133 747 1313 786 moritur.
1345 748 1395 785 In
1403 747 1581 786 Herodis
1590 748 1725 789 locum
1739 749 1957 789 Archelaus
1977 749 2026 788 ab
2039 748 2225 804 Augusto

339 810 602 849 substituitur:
617 812 654 845 &
664 803 892 845 Tetrarchae
903 803 981 844 fiun
989 817 1006 844 t
1015 815 1187 858 quatuor
1194 802 1333 843 fratres
1344 802 1440 855 ejus,
1449 801 1647 849 Herodes,
1661 806 1892 859 Antipater,
1903 805 2050 860 Lysias,
2068 809 2106 845 ὃ(
2125 806 2219 846 Phi-

340 866 479 920 lippus.
511 862 730 903 Archelaus
740 874 852 902 nono
864 875 971 900 anno
981 862 1096 917 regni
1105 860 1160 900 sui
1171 861 1213 900 in
1224 859 1430 900 Viennam
1438 858 1580 898 urbem
1594 858 1732 899 Galliae
1741 861 1947 916 relegatur.

286 922 489 962 Ptolemaei
503 919 672 960 Cadaver
681 933 773 959 cum
782 918 904 958 lorica
916 931 1031 958 aurea
1042 919 1084 957 in
1095 917 1198 958 Nilo
1210 918 1438 957 inventum.
1471 914 1600 956 Caesar
1610 917 1652 955 in
1664 915 1850 971 AEgypto
1862 932 2032 974 regnum
2051 919 2225 974 Cleopa-

343 991 408 1018 trae
421 976 631 1017 confirmat
643 975 696 1015 ob
709 975 828 1029 stupri
839 975 1019 1029 gratiam.
1050 974 1194 1014 Rom'ae
1208 973 1362 1013 basilica
1378 973 1481 1013 Iulia
1500 971 1697 1013 dedicata.
1730 972 1945 1013 Prohibitae
1963 975 2110 1016 leiticis
2130 991 2230 1016 mar-

341 1033 551 1090 garitisque
562 1034 623 1073 uti
635 1047 719 1087 quae
729 1047 804 1072 nec
815 1033 930 1078 viros
940 1046 1016 1071 nee
1023 1031 1170 1071 liberos
1180 1031 1377 1070 haberent
1388 1057 1398 1075 ,
1419 1034 1456 1070 δε
1467 1030 1642 1069 minores
1658 1028 1782 1070 essent
1803 1030 1918 1070 annis
1935 1032 2231 1087 quinquaginta

342 1092 534 1145 quinque.
576 1089 768 1144 Nigidius
787 1087 952 1144 Figulus
977 1088 1268 1143 Pythagoricus
1289 1091 1326 1126 &
1347 1086 1493 1141 Magus
1513 1086 1555 1125 in
1577 1086 1705 1126 exilio
1716 1086 1896 1126 moritur.
1943 1089 2152 1128 Antonius
2163 1088 2231 1129 de-

344 1149 472 1188 cernit
494 1147 723 1199 Qintilem
744 1145 920 1185 mensem
941 1145 1090 1186 Iulium
1110 1144 1259 1184 debere
1280 1143 1362 1183 dici
1371 1171 1383 1190 ,
1403 1144 1497 1197 quia
1515 1143 1557 1182 in
1578 1157 1629 1182 eo
1647 1142 1777 1183 fuisset
1789 1155 1906 1183 natus
1914 1144 2047 1184 Iulius.
2080 1144 2232 1186 Caffius

346 1204 478 1245 Iudaea
503 1217 617 1258 capta
639 1202 835 1256 templum
857 1201 1009 1256 spoliat.
1042 1201 1183 1242 Idibus
1195 1201 1415 1241 MartiisC.
1429 1200 1553 1240 Iulius
1566 1199 1693 1240 Caesar
1703 1201 1746 1240 in
1760 1201 1867 1240 curia
1878 1202 2097 1242 occiditur:
2115 1207 2152 1243 &
2173 1202 2229 1243 fa-

346 1261 424 1301 sces
435 1261 562 1300 statim
574 1258 742 1314 suscepit
754 1259 794 1299 P.
807 1259 1027 1299 Dolabella.
1042 1259 1092 1299 C.
1102 1257 1262 1305 Caesaris
1274 1257 1467 1312 corpusin
1479 1256 1632 1296 Rostris
1643 1256 1697 1296 ob
1709 1258 1905 1298 honorem
1917 1272 2231 1300 concrematum.

346 1319 503 1357 Servius
525 1317 715 1370 Sulpitius
732 1315 1052 1362 Iurisconsultus,
1073 1320 1111 1355 ὃς
1129 1316 1170 1355 Ρ.
1194 1314 1385 1355 Servilius
1404 1313 1593 1354 Isauricus
1610 1313 1775 1368 publico
1796 1313 1936 1356 funere
1949 1316 2054 1356 elati.
2086 1317 2233 1357 Romae

345 1385 421 1414 tres
433 1374 458 1414 fi
464 1375 544 1414 mul
555 1374 662 1413 Soles
670 1373 799 1414 exorti
811 1373 1002 1427 paulatim
1014 1374 1055 1412 in
1068 1371 1247 1413 eundem
1258 1372 1398 1411 orbem
1411 1370 1776 1412 coa-lueruntJnter
1787 1382 1926 1411 caetera
1936 1384 2229 1427 portenta,quae

346 1443 438 1471 toto
448 1432 544 1471 orbe
555 1430 656 1470 faeta
666 1430 769 1476 sunt,
779 1430 851 1469 bos
862 1431 903 1470 in
914 1429 1139 1469 suburbano
1151 1429 1297 1469 Romae
1308 1429 1359 1469 ad
1367 1440 1546 1469 arantem
1559 1427 1716 1468 locutus
1728 1427 1782 1468 est
1792 1460 1800 1475 ‚
1813 1429 2000 1482 Frustraft
2007 1435 2134 1485 urgeri.
2154 1440 2234 1471 Non

344 1486 701 1541 enimfrumentased
708 1486 859 1527 homines
873 1487 971 1526 brevi
981 1486 1173 1540 defuturos.
1193 1487 1402 1526 Antonius
1413 1485 1623 1526 adversum
1637 1485 1833 1525 Caesarem
1846 1487 2072 1541 Augustum
2086 1488 2234 1527 bellum

345 1557 498 1585 movet.
531 1545 721 1585 Laberius
733 1545 956 1584 Mimorum
969 1543 1135 1597 scriptor
1155 1543 1316 1584 decimo
1338 1542 1472 1583 mense
1483 1542 1572 1596 post
1592 1544 1643 1582 C.
1657 1542 1817 1583 Caesaris
1834 1543 2043 1584 interitum
2054 1545 2236 1585 Puteolis
2295 1541 2297 1543 ¹

346 1603 525 1642 moritur.
537 1602 698 1642 Publius
709 1601 1017 1656 Mimographus
1028 1601 1192 1641 natione
1206 1601 1326 1656 Syrus
1335 1600 1478 1640 Romae
1489 1599 1649 1640 scenam
1661 1611 1790 1643 tenet.
1804 1599 1953 1640 Cicero
1963 1601 2005 1640 in
2016 1600 2234 1642 Formiano

350 1659 419 1698 suo
430 1658 479 1698 ab
491 1659 703 1699 Herennio
717 1662 754 1698 ὃ(
765 1659 922 1712 Popilio
940 1657 1139 1698 occiditur
1158 1672 1263 1701 Lxrv
1280 1658 1405 1697 aetatis
1416 1657 1489 1696 suae
1499 1671 1607 1696 anno
1618 1679 1629 1704 3
1649 1657 1759 1710 cujus
1771 1668 1892 1711 caput
1902 1671 1995 1697 cum
2008 1672 2129 1699 manu
2142 1660 2235 1700 dex-

348 1728 408 1756 tra
428 1730 500 1770 pro
519 1715 670 1755 Rostris
687 1714 862 1770 positum
885 1732 891 1755 :
914 1715 1105 1768 juxtaque
1123 1727 1315 1755 coronata
1334 1716 1470 1769 imago
1489 1714 1636 1768 Popilii
1655 1713 1815 1760 militis,
1832 1715 1903 1767 qui
1921 1729 2014 1755 eum
2027 1716 2232 1757 occidirat.

349 1772 524 1812 Ovidius
536 1772 644 1813 Naso
655 1772 825 1812 nascitur
834 1773 876 1812 in
889 1772 1071 1827 Pelignis.
1105 1772 1154 1811 C.
1167 1772 1369 1812 Falcidius
1378 1771 1584 1811 Tribunus
1591 1769 1718 1825 plebis
1729 1770 1861 1825 legem
1875 1771 1980 1817 tulit,
1989 1787 2041 1812 ne
2051 1775 2138 1826 quis
2149 1774 2237 1827 plus

349 1829 590 1869 testamento
601 1830 749 1884 legaret
759 1856 770 1874 ,
792 1843 912 1882 quam
924 1841 970 1869 ut
981 1839 1118 1882 quarta
1126 1843 1213 1883 pars
1223 1828 1446 1869 haeredibus
1456 1827 1678 1882 superesset.
1711 1828 1876 1868 Curtius
1889 1827 2049 1868 Salassus
2059 1830 2101 1869 in
2113 1830 2237 1870 insula

348 1885 483 1925 Arada
505 1899 598 1924 cum
618 1897 791 1939 quatuor
810 1885 1041 1925 cohortibus
1059 1886 1179 1925 vivus
1203 1885 1431 1925 combustus
1451 1885 1506 1925 est
1524 1912 1535 1930 ‚
1567 1884 1680 1938 quod
1702 1884 1852 1924 tributa
1872 1886 2028 1940 gravius
2046 1887 2236 1942 exigeret.

347 1940 517 1982 Vibium
530 1943 758 1981 Maximum
779 1942 1032 1996 designatum
1043 1943 1291 1993 Qaestorem
1304 1942 1472 1997 agnovit
1482 1942 1673 1980 dominus
1684 1939 1772 1979 suus
1784 1968 1794 1986 ,
1805 1945 1842 1980 ὃς
1852 1941 2030 1981 abduxit.
2061 1943 2095 1982 E
2113 1944 2238 1984 taber-

336 2012 398 2050 ·na
410 1998 612 2038 meritoria
623 2009 727 2037 trans
736 1998 921 2038 Tiberim
933 1998 1069 2038 oleum
1089 2009 1189 2037 terra
1208 1999 1358 2053 erupit,
1375 1997 1575 2050 fluxitque
1595 2008 1686 2036 toto
1697 1996 1764 2036 die
1775 1996 1857 2036 fine
1870 1998 2156 2040 intermistione
2165 2034 2174 2048 ‚
2196 2001 2240 2042 fi-

343 2054 540 2109 gnificans
559 2054 705 2094 Christi
726 2055 892 2109 gratiam
912 2068 960 2094 ex
980 2054 1180 2108 gentibus.
1212 2055 1446 2094 Antonium
1467 2053 1623 2106 superat
1641 2053 1866 2106 Augustus,
1892 2055 2239 2097 &interveniente

350 2112 503 2152 Senatu
514 2112 556 2150 in
570 2112 785 2150 amicitiam
796 2125 889 2149 cum
901 2125 951 2150 eo
962 2109 1193 2164 regreditur.
1225 2109 1467 2149 Cornificius
1474 2110 1623 2162 poetaa
1640 2108 1834 2147 militibus
1845 2107 2054 2151 destitutus
2071 2112 2236 2160 interiit,

349 2181 451 2217 quos
459 2167 554 2221 saepe
565 2167 766 2222 fugientes
773 2168 925 2221 galeatos
934 2168 1060 2223 lepores
1073 2165 1349 2220 appellaverat.
1381 2165 1515 2218 Hujus
1525 2164 1633 2205 soror
1651 2164 1872 2205 Cornificia
1881 2193 1892 2212 ,
1908 2167 2019 2220 cujus
2030 2179 2168 2210 extant
2178 2170 2238 2209 in-

351 2224 473 2278 fignia
480 2224 778 2278 epigrammata.
811 2222 989 2277 Templa
999 2222 1258 2263 Rhodiorum
1269 2223 1536 2277 depopulatus
1547 2222 1602 2263 est
1614 2220 1776 2263 Caflius.
1789 2222 1975 2263 Secunda
1983 2223 2139 2265 seceffio
2152 2229 2239 2266 Au-

351 2280 452 2336 gusti
465 2285 502 2319 ὃς
514 2281 698 2320 Antonii.
729 2279 944 2320 Cornelius
963 2280 1110 2333 Nepos
1126 2279 1290 2334 scriptor
1308 2280 1516 2322 historicus
1534 2279 1658 2319 clarus
1679 2278 1861 2319 habetur.
1892 2279 1925 2318 F
1928 2281 2053 2327 urnii,
2069 2295 2181 2335 pater
2201 2288 2240 2323 &

352 2336 454 2376 filius
462 2364 473 2382 ,
494 2337 584 2376 clari
602 2348 776 2377 oratores
788 2336 988 2376 habentur
1002 2353 1008 2376 ;
1030 2351 1200 2390 quorum
1211 2336 1311 2377 filius
1322 2336 1551 2377 Consularis
1560 2346 1653 2376 ante
1662 2347 1817 2390 patrem
1829 2336 2007 2376 moritur.
2040 2338 2239 2380 Sallustius

353 2393 464 2433 diem
476 2394 580 2433 obiit
592 2393 858 2447 quadriennio
871 2405 965 2434 ante
980 2394 1192 2434 Adtiacum
1206 2394 1366 2434 bellum.
1401 2394 1462 2433 M.
1475 2394 1620 2433 Bavius
1630 2396 1763 2447 poeta,
1776 2406 1898 2446 quem
1912 2392 2101 2448 Virgilius
2111 2397 2153 2437 in
2163 2397 2240 2436 Bu-

354 2450 490 2490 colicis
502 2462 630 2496 notat,
642 2451 682 2489 in
696 2450 956 2504 Cappadocia
968 2451 1145 2505 moritur.
1154 2452 1381 2496 Antonii,&
1391 2451 1562 2505 Augusti
1577 2449 1720 2489 foedus.
1734 2449 1927 2490 Colonias
1938 2450 2142 2492 deduxere
2154 2452 2239 2494 Ro-

354 2508 475 2547 mani.
508 2507 708 2561 Augustus
720 2508 979 2560 triumphavit
990 2507 1177 2561 pedestris
1189 2508 1416 2548 certaminis
1427 2507 1644 2561 triumpho.
1677 2507 1885 2547 Antonius
1906 2506 2130 2562 Cleopatrae
2143 2511 2241 2550 Ara-

357 2564 463 2603 biam
473 2564 646 2604 tradidit.
681 2564 901 2618 Augusti&
914 2565 1090 2604 Antonii
1109 2566 1233 2605 tertiae
1257 2564 1500 2605 dissensionis
1522 2564 1734 2604 exordium
1751 2563 1883 2617 :quod
1894 2565 2103 2619 repudiata
2114 2565 2242 2608 sorore

356 2620 517 2660 Caesaris
528 2620 785 2675 Cleopatram
798 2620 965 2661 duxisset
975 2635 1154 2662 uxorem.
1185 2623 1357 2663 Nicetes
1369 2655 1377 2668 ,
1393 2626 1430 2661 &
1441 2621 1626 2676 Hybreas
1636 2648 1647 2667 ,
1659 2619 1948 2661 &Theodorus
1959 2649 1970 2667 ‚
1982 2626 2019 2662 ὃ(
2030 2623 2243 2664 Plutiono-

358 2677 629 2717 bmfflmiartis
644 2678 849 2718 rhetorica:
863 2678 1265 2734 Graecipraeceptores
1284 2678 1494 2720 habentur.
1526 2678 1744 2732 Cleopatra
1765 2681 1802 2717 &
1825 2678 2029 2719 Antonius
2041 2678 2166 2721 semet
2183 2685 2243 2722 in-

357 2734 558 2774 terficiunt
570 2762 580 2779 ,
596 2739 634 2774 &
646 2734 848 2789 AEgyptus
859 2734 903 2774 fit
912 2736 1101 2775 Romana
1112 2737 1319 2790 provincia
1333 2750 1472 2789 :quam
1484 2736 1660 2790 primum
1672 2735 1801 2775 tenuit
1812 2735 2026 2776 Cornelius
2037 2736 2242 2783 Gallus,de

356 2805 438 2844 quo
450 2791 637 2846 Virgilius
649 2791 780 2831 scribit
792 2792 832 2831 in
846 2792 1056 2832 Bucolicis.
1090 2792 1231 2847 Usque
1242 2793 1294 2833 ad
1320 2793 1594 2847 Cleopatram,
1607 2792 1677 2845 qui
1688 2791 1936 2830 vocabantur
1947 2791 2108 2847 Lagidae
2119 2795 2159 2833 in
2173 2795 2243 2834 AE-

357 2860 496 2902 gyth
512 2861 777 2903 regnaverunt
798 2849 911 2888 annis
933 2848 1118 2890 ducentis
1137 2851 1359 2905 nonaginta
1369 2851 1561 2902 quinque.
1591 2849 1704 2888 Hinc
1726 2847 1891 2901 quidam
1900 2849 2075 2902 primum
2091 2865 2243 2891 annum

360 2906 481 2959 Augu
488 2906 532 2944 sti
543 2906 783 2944 monarchiae
794 2905 1019 2959 supputant.
1051 2907 1234 2946 Artorius
1246 2905 1424 2945 medicus
1435 2904 1604 2960 Augusti
1613 2904 1699 2959 post
1709 2904 1915 2944 Affiacarn
1932 2905 2137 2946 vistoriam
2150 2923 2243 2948 nau-

360 2960 488 3015 fragio
499 2963 626 3015 periit.
659 2964 696 3002 C
702 2961 788 3001 :esar
799 2962 999 3017 Augustus
1011 2963 1230 3017 appellatus
1247 2980 1253 3003 :
1272 2964 1292 3003 a
1311 2976 1393 3016 quo
1405 2963 1561 3003 Sextilis
1573 2961 1717 3002 mensis
1729 2961 1902 3017 Augusti
1912 2976 2063 3003 nomen
2076 2966 2244 3019 accepit.

361 3017 470 3057 Cum
480 3018 635 3072 ingenti
647 3018 941 3073 triumphorum
954 3033 1104 3074 pompa
1126 3020 1330 3075 Augustus
1340 3021 1520 3059 Romam
1533 3018 1721 3074 ingressus
1740 3035 1747 3058 t
1769 3022 1807 3057 δε
1819 3017 2042 3073 Cleopatrae
2052 3019 2165 3061 liberi
2177 3022 2245 3062 Sol

362 3078 399 3112 δε
417 3075 532 3113 Luna
555 3087 646 3114 ante
666 3089 823 3115 currum
846 3077 929 3128 ejus
951 3075 1071 3116 dudi.
1122 3076 1338 3131 Nicopolis
1355 3076 1465 3130 juxta
1494 3076 1707 3116 Astiacum
1736 3075 1902 3115 condita
1912 3103 1924 3122 ,
1947 3081 1984 3115 ὃ(
2004 3084 2103 3131 Agon
2124 3081 2247 3118 Acria-

360 3146 418 3169 cus
431 3131 661 3170 constitutis.
694 3132 894 3187 Augustus
904 3132 1102 3173 Romanis
1113 3133 1298 3188 plurimas
1309 3133 1416 3188 leges
1429 3134 1574 3173 statuit.
1609 3132 1745 3173 Censu
1758 3132 1901 3172 Romae
1913 3133 2062 3187 agitato
2080 3136 2245 3175 inventa

362 3185 459 3225 sunt'
471 3188 618 3226 civium
638 3189 922 3228 Romanorum
941 3194 1112 3230 'centena
1124 3195 1277 3231 &Lxlv
1295 3191 1427 3230 millia.
1461 3190 1675 3230 Anaxilaus
1684 3188 1883 3229 Larissaeus
1900 3189 2188 3245 Pythagoricus
2207 3197 2246 3232 &

362 3243 510 3297 Magus
519 3243 566 3282 ab
581 3244 765 3299 Augusto
785 3246 882 3285 urbe
907 3246 1101 3300 Italiaque
1122 3248 1298 3302 pellitur:
1326 3248 1386 3287 M.
1397 3246 1616 3287 Terentius
1629 3246 1753 3286 Varro
1765 3245 2028 3298 Philosophus
2036 3260 2161 3302 prope
2172 3263 2245 3288 no-

362 3300 597 3354 nagenarius
609 3302 786 3341 moritur.
816 3301 970 3343 Thebae
981 3303 1150 3358 Aigypti
1162 3304 1283 3358 usque
1293 3303 1344 3343 ad
1354 3303 1479 3343 solum
1502 3302 1650 3344 dirutae.
1683 3302 1899 3342 Cornelius
1922 3301 2059 3343 Gallus
2080 3304 2245 3359 Foroju-
2302 3349 2303 3352 Ἰ

362 3355 492 3394 liensis
503 3383 513 3401 ,
525 3360 643 3409 poeta
652 3384 662 3401 ,
675 3359 696 3396 a
707 3371 789 3409 quo
798 3359 971 3411 primum
994 3361 1219 3415 AEgyptum
1232 3361 1377 3401 restam
1390 3360 1501 3415 supra
1514 3360 1686 3400 diximus
1697 3387 1708 3405 ‚
1728 3358 2029 3414 quadragesimo
2038 3362 2162 3401 :etatis
2171 3362 2246 3401 suae

364 3426 472 3451 anno
482 3413 638 3466 propria
649 3412 685 3452 se
699 3427 816 3452 manu
828 3415 1043 3457 interfecit.
1073 3418 1227 3458 Tralles
1236 3430 1343 3458 terrae
1356 3430 1471 3458 motu
1487 3416 1765 3457 consederunt.
1797 3416 1892 3456 Indi
1911 3416 1959 3455 ab
1972 3418 2157 3472 Augusto
2174 3432 2245 3472 per

363 3469 517 3525 legatos
535 3469 750 3508 amicitiam
771 3471 1027 3522 postularunt.
1050 3474 1220 3522 ‘Meflala
1242 3476 1447 3515 Corvinus
1465 3475 1615 3528 primus
1632 3472 1834 3527 praefeitus
1854 3472 1979 3512 Urbis
2000 3472 2122 3513 fadhis
2133 3474 2245 3514 sexto

366 3525 432 3565 die
445 3525 717 3581 magistratuse
730 3526 929 3566 abdicavit
954 3529 1157 3571 incivilem
1171 3532 1410 3585 potestatem
1430 3531 1504 3571 effe
1526 3531 1763 3570 contestans.
1795 3530 1999 3585 Augustus
2018 3530 2243 3571 Calabriam

368 3587 405 3622 ἃ
418 3582 554 3622 Gallos
564 3582 776 3636 vectigales
789 3582 894 3624 fac-it.
928 3583 1143 3630 Munacius
1155 3589 1333 3630 Plancius
1343 3588 1554 3629 Ciceronis
1566 3586 1796 3642 discipulus,
1808 3598 1943 3627 orator
1952 3619 1961 3632 ‚
1977 3585 2146 3627 habetur
2156 3588 2197 3627 in
2204 3588 2244 3627 si-

474 3666 476 3668 -
2132 3658 2237 3699 gnis:
