2366 4040
435 296 604 352 Papyrio
616 295 765 337 Isauriae
783 295 941 336 castello
963 297 1067 346 capti
1080 322 1090 340 ,
1111 291 1283 331 decolla-

367 393 375 399 ,
436 352 657 406 tiquesunt.
682 353 825 404 Capita
844 363 981 389 eorum
1003 348 1283 388 Constantino-

438 409 564 461 polim
582 408 695 448 allata
716 405 869 459 praefixa
889 404 1088 443 hastilibus
1099 402 1271 441 tabuere.

439 463 595 502 Eodem
607 476 713 501 anno
733 461 1012 500 Theodoricus
1026 471 1093 496 rex
1108 458 1285 496 omnium

439 517 595 557 suorum
627 516 877 556 multitudine
911 511 1096 565 assumpta
1130 511 1286 552 Gotho-

439 587 525 617 rum
540 573 601 620 „in
614 572 762 612 Italiam
776 568 916 617 tendit.
954 621 957 623 -

493 677 1010 717 INDICTIONE
1069 671 1180 711 XII.

610 757 753 811 Eufi’bio
764 756 959 803 &probino
973 754 1056 810 Coffs

384 850 495 890 Idem
515 846 797 886 Theodoricus
826 859 895 885 rex
922 845 1150 884 Gothorum
1171 854 1286 896 opta-

433 915 513 943 tam
527 905 740 955 occupavit
750 901 918 941 Italiam:
938 901 1129 940 Odoacer
1147 900 1285 939 itidem

434 971 500 997 rex
512 958 740 997 Gothorum
752 969 857 996 metu
872 955 1125 996 Theodorici
1136 966 1299 1008 perter-.

437 1015 532 1053 ritus
544 1044 553 1059 ‚
590 1013 816 1053 Ravennam
831 1011 1015 1064 ingressus
1027 1012 1090 1050 est.v
1108 1012 1225 1063 porro
1237 1010 1285 1049 ab

433 1073 574 1108 eodem
590 1068 850 1108 Theoderico
860 1068 1040 1120 perjuriis
1051 1067 1200 1107 illeEIus
1210 1094 1221 1115 ,
1233 1067 1288 1105 in-

437 1124 698 1177 terfectusque
710 1122 775 1162 est.

474 1230 994 1270 INDICTIONE
1053 1226 1202 1267 XIII.

583 1314 734 1367 Longino
750 1325 765 1352 1
773 1326 800 1352 1.
808 1313 853 1359 ῤ’
863 1311 982 1362 Fatsto
992 1308 1077 1363 Coff.

328 1409 330 1411 ’
381 1402 498 1442 Zeno
520 1400 617 1454 Imp.
651 1400 801 1454 Pelagii
832 1398 963 1453 gulam
995 1397 1177 1438 ininsula
1197 1410 1285 1452 quae

381 1487 383 1489 .
426 1458 675 1518 Panormum
695 1457 865 1503 dicitur,
883 1456 1032 1508 laqueo
1045 1453 1169 1507 frangi
1189 1468 1282 1508 prae-

435 1523 554 1565 cepit.

468 1615 1001 1658 INDICTIONE
1060 1613 1199 1656 XIV.

690 1702 822 1757 Olybrio
823 1699 895 1755 filo
904 1701 979 1755 Cos

385 1791 500 1828 Zeno
515 1787 711 1839 Augustus
723 1790 799 1825 vira
813 1787 967 1826 deceffit
978 1815 990 1834 ‚
1008 1797 1085 1826 tam
1099 1784 1287 1837 suiirnpe-

441 1846 487 1883 rii
498 1850 606 1883 annis
617 1872 627 1890 ,
649 1844 765 1895 quam
777 1841 940 1880 Basilisci
953 1843 1169 1894 tyrannidis
1182 1853 1289 1878 men-

441 1898 540 1938 sibus
560 1898 799 1950 computatis
814 1924 825 1942 ,
841 1909 948 1936 anno
968 1911 1062 1936 xvu.
1088 1896 1214 1935 mense
1235 1907 1287 1934 Vl.

437 1952 655 1992 Anastasius
667 1967 715 1992 ex
738 1952 944 1992 silentiario
966 1955 1174 2004 imperator
1184 1962 1290 1989 crea·

441 2022 502 2049 tus
513 2008 578 2047 est.
593 2008 746 2047 Bellum
757 2007 957 2061 plebejum
968 2009 1066 2047 inter
1078 2007 1288 2060 Byzantios

443 2077 571 2104 ortum
584 2092 594 2110 ,
604 2068 768 2117 parique
780 2063 883 2102 urbis
895 2063 1061 2116 plurima
1070 2075 1192 2116 atque
1203 2062 1288 2101 Cir-

442 2123 480 2161 ci
495 2121 587 2172 igne
599 2119 813 2159 combusta.

492 2224 1017 2264 INDICTIONE
1091 2220 1196 2262 XV.

523 2315 532 2318 “
577 2304 756 2356 Anafz‘sfio
765 2310 856 2359 Aug.
868 2305 912 2352 όν
921 2303 1014 2357 Rufo
1024 2300 1108 2355 Cos]-=

392 2395 501 2436 Dum
523 2392 672 2432 bellum
686 2403 839 2445 paratur
861 2391 1093 2437 Isauricum,
1114 2388 1292 2440 dumque

448 2449 564 2489 Isauri
577 2448 782 2500 imperium
794 2446 864 2487 fibi
875 2449 1074 2487 vindicare
1095 2445 1271 2484 nituntur
1281 2473 1293 2490 ‚

448 2506 486 2545 in
500 2504 786 2557 Phrygiajuxta
799 2503 998 2542 Cotiaeum
1009 2502 1209 2540 civitatem
1222 2513 1294 2538 un·

392 2602 397 2607 ,
448 2561 573 2614 dique
583 2557 792 2598 confluunt
802 2587 813 2605 ,
824 2557 959 2611 ibique
972 2557 1138 2609 Lilingis
1148 2583 1159 2602 ,
1171 2553 1295 2608 segnis

447 2617 613 2670 quidem
624 2614 747 2665 pedes
760 2643 771 2659 ‚
786 2614 850 2653 sed
862 2628 982 2668 eques
992 2612 1148 2654 inibello
1158 2611 1293 2649 acerri-

448 2685 556 2717 mus,
574 2670 595 2709 a
607 2668 796 2708 Romanis
806 2671 950 2722 primus
964 2670 1001 2708 in
1025 2667 1162 2720 ptaelio
1173 2667 1294 2705 truci-

449 2729 565 2767 datur
577 2754 588 2773 ‚
598 2723 813 2777 omnesque
827 2725 935 2765 simul
946 2724 1064 2764 Isauri
1076 2722 1176 2773 fugae
1189 2722 1295 2761 dedi-

451 2784 481 2822 ti
496 2812 506 2827 ,
524 2795 593 2833 per
604 2791 791 2819 montana
801 2781 1006 2833 asperaque
1020 2779 1108 2818 loca
1118 2777 1295 2818 Isauriam

452 2847 648 2890 repetunt·
666 2836 760 2874 Hoc
775 2835 919 2876 bellum
932 2836 1140 2876 Isauricum
1154 2846 1221 2886 per
1233 2831 1297 2872 sex

454 2906 578 2933 annos
590 2892 751 2931 tractum
765 2891 831 2930 est.

535 2997 1063 3036 INDICTIONE
1123 2991 1156 3031 Ι..

602 3074 743 3127 Eusebio
755 3089 802 3116 ΙΙ.
817 3078 862 3122 &¹
874 3073 996 3114 Albino
1008 3073 1091 3130 Coss:

399 3160 506 3201 Belkr
534 3163 662 3202 civilia
674 3164 852 3203 adversus
875 3163 1056 3202 Anastasii
1076 3174 1237 3217 regnum
1258 3175 1299 3200 a-

405 3254 410 3255 7
454 3217 537 3268 pud
557 3217 946 3271 Constantinopolim
965 3219 1070 3270 gesta
1088 3219 1192 3258 sunt:
1225 3216 1297 3258 sta-

456 3282 532 3309 tuae
554 3274 651 3324 regis
670 3276 898 3327 reginaeque
918 3273 1077 3313 funibus
1096 3275 1223 3326 ligatae
1244 3286 1299 3314 at-

435 3339 535 3378 ,que
557 3340 623 3378 per
644 3329 777 3368 urbem
807 3329 943 3368 ῐωξὶκ,
973 3330 1148 3381 Julianus
1171 3330 1298 3382 Magi-

457 3383 531 3420 ster
554 3381 700 3420 militia:
728 3385 921 3423 nosturno
948 3386 1079 3436 praelio
1100 3397 1297 3437 pugnans,

459 3435 648 3497 Scythico
671 3436 821 3477 ferroin
833 3439 1002 3480 Thracia
1025 3439 1220 3481 confossus
1239 3441 1298 3480 in-

459 3502 578 3531 tetiit.

740 220 1375 267 MARCELLINI
1435 218 1860 260 COMITIS

1438 289 1578 329 IND
1621 302 1974 330 1cT1oNE
2033 290 2097 334 II..

1537 373 1702 413 tst‘flerio
1712 373 1755 418 (y
1766 371 1919 423 Praestdio
1928 370 2012 425 Coffi
2020 384 2023 388 ’

1327 456 1650 510 Anastasiuslmp.
1671 469 1808 498 contra
1829 457 2161 501 Orthodoxorum
2181 459 2226 500 fi·

1381 513 1446 554 dei
1469 514 1705 567 majestatem
1735 513 1917 555 intestina
1935 516 2059 567 coepit
2088 517 2226 567 proelia

1381 581 1647 614 commovere,
1658 569 1804 621 piaculi
1825 569 1880 609 sui
1899 569 2102 623 perfidiam
2121 573 2228 625 prius

1380 624 1419 662 in
1433 623 1651 664 Eufemium
1673 625 1775 664 urbis
1795 626 2022 678 episcopum
2036 656 2048 674 ,
2076 626 2141 667 sibi
2154 640 2228 680 pro

1381 678 1698 718 orthodoxorum
1711 679 1789 719 fide
1801 681 1960 720 viriliter
1969 680 2229 729 resultantem,

1382 731 1553 784 profano
1564 732 1820 774 manifestavit
1830 737 2004 789 ingenio.
2012 738 2229 783 Laodicea,

1383 787 1625 840 Hierapolis,
1636 791 1673 826 δε
1684 789 1877 841 Tripolis,
1888 803 2006 844 atque
2020 794 2229 846 Agathicfi,

1383 855 1466 881 uno
1479 854 1657 893 tempore
1677 856 1841 896 unoque
1864 858 2086 889 rerraemotu
2107 850 2228 890 colla-

1383 897 1458 950 psae
1470 898 1554 937 sunt
1580 897 1772 937 Romanae
1783 900 1949 940 ecclefiae
1964 917 2094 944 XLvir.
2112 905 2228 946 Gela-

1381 952 1675 1007 siusepiscopus
1694 954 1897 995 ordinatus
1908 958 2007 997 vixit
2024 966 2147 1001 ann'os
2164 975 2227 1001 tv.

1441 1037 1967 1099 INDICTIONE
2016 1061 2111 1102 III.

1626 1140 1837 1195 Viatoresolo
1856 1142 1934 1195 COf

1325 1228 1526 1269 Eufemius
1538 1229 1720 1282 Augustae
1731 1230 1900 1271 civitatis
1908 1232 2131 1280 antistes‚de
2145 1248 2236 1287 quov

1379 1284 1552 1337 superius
1563 1283 1727 1324 fecimus
1738 1287 1978 1326 mentionem
1989 1316 1999 1335 ,
2009 1287 2105 1328 falso
2116 1290 2164 1329 ab
2177 1294 2230 1331 A·

1380 1339 1541 1379 nastasio
1572 1340 1752 1393 principe
1782 1342 1981 1382 accusatus
2011 1357 2132 1398 atque
2162 1348 2231 1387 da-

1381 1396 1588 1442 mnatus‚in
1602 1395 1764 1434 exilium
1774 1396 1911 1436 ductus
1920 1398 2145 1441 est-Locum
2157 1402 2230 1444 Eu-

1380 1448 1490 1491 femii
1502 1450 1766 1491 Macedonius
1778 1453 1917 1493 tenuit.

1438 1554 1961 1602 INDICTIQNE
2021 1557 2105 1599 IV.

1640 1625 1915 1679 szloftloCoJ.=

1327 1711 1592 1766 Augustatico
1605 1710 1674 1751 suo
1686 1711 1837 1753 dudum
1862 1714 2078 1758 Anastasius
2098 1718 2230 1759 militi-

1382 1768 1455 1807 bus
1473 1767 1642 1820 praestito
1656 1796 1668 1814 ,
1695 1768 1930 1809 donativum
1957 1784 2123 1826 quoque
2152 1775 2231 1815 hoc

1383 1821 1500 1861 fratre
1520 1822 1697 1861 Consule
1716 1824 1861 1863 tribuit·
1890 1824 2004 1866 India
2033 1829 2231 1869 Anastasio

1385 1877 1555 1929 principi
1567 1876 1954 1931 elephantem,quem
1966 1880 2123 1923 Plautus
2136 1891 2235 1937 poe-

1385 1942 1424 1971 ta
1434 1931 1564 1971 noster
1583 1931 1785 1973 Lucabum
1803 1935 1964 1973 nomine
1985 1936 2104 1986 dicit,
2122 1939 2234 1980 duas-

1387 2001 1467 2041 que
1478 1987 1826 2041 Camelopardalas
1837 2002 1911 2042 pro
1923 2004 2081 2034 munere
2095 1994 2207 2036 misit.

1435 2083 1990 2134 ‘INDICTIONE
2052 2094 2117 2136 V.-

1536 2172 1742 2224 cAnafz‘sfio
1758 2174 1954 2228 &Aug-filo
1966 2173 2040 2227 Cos)

1332 2251 1435 2294 Solis
1444 2250 1621 2293 defectus
1633 2256 1824 2306 apparuit.
1858 2255 2084 2311 bellumque
2097 2258 2236 2301 Isauri.

1389 2321 1479 2347 cum
1497 2307 1574 2347 hoc
1594 2308 1704 2348 sexto
1725 2323 1830 2349 anno
1853 2311 2039 2352 sedarum.
2062 2313 2237 2356 Atheno-

1340 2366 1343 2370 “
1390 2363 1511 2403 dorus
1523 2363 1737 2404 Isaurorum
1750 2367 1896 2418 primus
1907 2368 2087 2408 inl-sautia
2100 2384 2238 2423 captus

1388 2418 1685 2472 decollatusque
1704 2420 1771 2459 est.
1809 2422 1944 2473 Caput
1963 2425 2047 2474 ejus
2071 2425 2236 2468 Tarsum

1391 2475 1590 2514 civitatem
1620 2474 1779 2516 allatum
1801 2489 1874 2530 pro
1893 2481 2016 2530 portis
2037 2480 2163 2521 hastili
2186 2482 2234 2522 fi-

1391 2543 1485 2570 xum
1498 2529 1685 2571 extabuit.

1458 2626 1973 2683 IND1CT10NE
2034 2635 2115 2679 VI.

1504 2715 1632 2747 Ioanne
1642 2705 1769 2761 Scytha
1781 2707 1825 2754 ὠν
1833 2709 1976 2747 Paulino
1987 2710 2068 2761 Coss.

1337 2777 1526 2820 Romanae
1536 2779 1704 2820 ecclefiae
1718 2783 2094 2825 va111.Anastafius
2105 2787 2235 2837 pofiti-

1394 2833 1459 2872 fex
1481 2836 1685 2875 ordinatus
1708 2838 1808 2875 vixit
1829 2850 1949 2877 annos
1974 2833 2013 2877 Ji.
2035 2839 2240 2894 Longinus

1393 2888 1545 2930 Isaurus
1564 2902 1838 2942 cognomento
1850 2891 2237 2949 Selinunteus,apud

1393 2943 1645 2983 Antiochiam
1675 2946 1823 2985 Isauriae
1842 2948 2042 2988 civitatem
2060 2950 2081 2989 ὲ
2105 2951 2238 2992 Prisco

1393 2998 1555 3038 Comite
1567 3012 1705 3052 captus
1715 3032 1725 3046 ‚
1751 3002 2142 3057 Constantinopolim
2155 3008 2252 3046 mifi-

1392 3052 1451 3092 sus
1470 3054 1544 3101 est,
1567 3056 1844 3110 catenatusque
1867 3071 1936 3109 per
1951 3060 2144 3112 Agentem
2166 3064 2236 3102 cir-

1394 3110 1637 3151 cumducstus.
1650 3112 1845 3167 Anastasio
1856 3115 2073 3166 principi,&
2085 3119 2239 3168 populo

1395 3165 1529 3217 ingens
1541 3166 1800 3219 spestaculum
1814 3167 1888 3207 fuit
1900 3196 1909 3213 ,
1925 3171 2119 3223 variisque
2129 3172 2238 3212 dein-

1395 3220 1447 3259 de
1467 3222 1701 3262 cruciatibus
1711 3223 1817 3274 apud
1837 3222 2015 3263 Nicaeam
2038 3225 2237 3280 Bithyniae

1394 3276 1591 3315 civitatem
1603 3277 1796 3329 expensus
1807 3277 1872 3317 est.
1899 3278 1940 3317 N
1950 3281 2086 3320 ummis
2099 3309 2109 3328 ‚
2135 3296 2238 3335 quos

1393 3329 1566 3370 Romani
1579 3331 1838 3372 Terentianos
1851 3347 2009 3380 vocant,
2021 3336 2149 3377 Graeci
2163 3338 2238 3377 fol·

1393 3385 1488 3424 lares
1498 3415 1509 3433 ‚
1522 3386 1735 3428 Anastasius
1748 3391 1928 3441 princeps
1940 3390 2008 3429 suo
2021 3396 2177 3432 nomine
2190 3392 2236 3431 fi·

1393 3442 1560 3492 guratiS‚
1587 3442 1818 3494 placabilem
1839 3445 1945 3498 plebi
1963 3449 2235 3489 commutatio-

1396 3509 1485 3535 nem
1496 3496 1682 3541 distraxit.

2162 3556 2235 3597 IN-
